4125 5217
760 403 793 454 u
814 402 1002 455 sucotrcun
1026 404 1158 453 manea
1538 400 1603 471 ²¹7

317 685 440 730 verum:
462 685 534 750 ymo
554 665 649 748 tnagis
670 662 837 726 laboramus
857 684 947 747 quam
975 662 1024 746 alji
1050 663 1198 725 homines.
1229 662 1269 725 ita
1296 662 1399 725 dicunt
1419 682 1524 725 onmes
1545 663 1607 724 ho-

319 765 434 827 mines:
465 763 533 827 date
564 762 644 826 irena
674 763 829 846 pecoribus
860 779 889 825 et
916 761 1029 825 frenate
1061 762 1186 846 populos
1214 762 1366 825 credentes
1388 784 1447 823 noo
1471 761 1554 824 bene.
1577 777 1606 824 et

316 881 434 948 semper
453 864 573 926 dicunt:
595 883 615 925 o
635 862 739 946 prelati
761 861 873 927 laciatis
904 862 984 946 quod
1006 859 1095 924 verba
1123 881 1240 945 semper
1261 861 1354 924 lluant
1382 861 1479 924 multo
1499 860 1606 924 lacte...

317 952 369 1026 itte
389 981 478 1025 senex
500 978 610 1046 petrus,
631 977 750 1046 gestans
771 981 872 1024 secum
887 978 1011 1045 petram,
1026 962 1249 1044 coniqueritur;
1270 963 1342 1043 ipse,
1357 975 1510 1046 tamquam
1526 975 1609 1044 petra

319 1076 349 1125 et
369 1061 459 1139 rudis,
479 1063 521 1125 sic
542 1076 667 1125 vocatur
686 1083 703 1124 a
725 1077 817 1145 petra,
847 1076 877 1123 et
898 1077 1017 1143 gestans
1043 1080 1146 1123 secum
1174 1060 1285 1122 nodosa
1313 1059 1450 1143 repagula
1479 1075 1510 1123 et
1530 1062 1607 1143 ipsas

319 1161 417 1229 dave·
438 1162 574 1247 paradisi.
594 1196 615 1210 ·
637 1163 665 1225 0
683 1160 838 1247 piramide,
858 1181 919 1244 quo
934 1161 1015 1223 vadis
1038 1174 1067 1223 et
1089 1160 1167 1222 unde
1182 1161 1264 1221 venis
1286 1175 1315 1221 et
1329 1180 1404 1243 quos
1425 1160 1507 1223 locos
1529 1159 1610 1223 habi·

321 1265 390 1327 tas?
409 1262 493 1325 tarde
513 1277 545 1324 tu
568 1261 668 1323 revisis
690 1275 772 1323 tuam
794 1259 959 1324 ecclesiam.

401 1362 448 1423 eui
466 1359 549 1445 prola,
571 1360 663 1443 (idest
682 1359 833 1443 dolenter)
854 1360 987 1422 custodia
1009 1358 1135 1422 ecclesie
1156 1356 1232 1421 bene
1251 1357 1331 1420 culte
1352 1372 1414 1421 erat
1435 1362 1609 1423 commissa!

322 1458 398 1523 bene
417 1459 497 1524 culta
517 1481 535 1521 a
556 1474 654 1523 meet
675 1459 713 1522 ab
734 1459 809 1542 alijs,
830 1459 881 1522 sed
902 1481 919 1522 a
940 1476 970 1521 te
991 1479 1052 1521 non
1073 1475 1118 1521 est
1139 1460 1198 1535 ita;
1213 1459 1272 1534 cui,
1293 1478 1345 1519 seu
1367 1458 1431 1534 tibi,
1452 1461 1610 1522 commissa

322 1560 455 1624 custodia
475 1561 611 1622 omniunt
632 1575 671 1631 et,
692 1574 772 1623 certe
794 1558 930 1642 maleque
951 1557 1020 1621 boni
1042 1558 1179 1621 homines
1194 1560 1304 1619 mortui
1321 1574 1389 1620 sum
1403 1573 1472 1620 ante
1493 1572 1611 1642 tempos

323 1674 354 1723 et
373 1660 428 1723 viri
450 1658 539 1723 lortes
560 1657 672 1742 fatigati
696 1679 754 1720 non
776 1658 942 1722 habuerunt
963 1657 1075 1736 locunt,
1096 1659 1147 1721 sed
1168 1660 1231 1744 yrci
1253 1673 1420 1740 supermae
1435 1658 1509 1721 idest
1530 1680 1611 1721 man·

322 1772 424 1822 serunt
445 1756 500 1820 soli
521 1756 622 1820 lascivi
644 1773 674 1820 et
694 1758 776 1840 porci
798 1758 959 1834 immundi;
980 1777 1067 1840 quos,
1087 1777 1140 1820 seu
1162 1777 1226 1832 vos,
1247 1758 1308 1819 otia
1330 1757 1467 1821 terndunt
1487 1773 1517 1820 et
1537 1760 1611 1843 yrei,

325 1856 404 1935 dico,
426 1856 511 1920 turba
532 1858 689 1941 pernitiosa
710 1858 792 1934 satis,
819 1858 894 1920 idest
923 1856 1036 1920 blandis
1067 1859 1249 1920 seminatis...
1280 1877 1343 1934 vos,
1371 1856 1485 1941 prelatj,
1512 1861 1613 1920 onmia

323 1956 483 2021 destruitis.
504 1991 525 2006 -
544 1956 604 2019 iem
624 1955 717 2019 anolus
737 1957 816 2031 odor,
837 1959 914 2019 idest
934 1956 1066 2033 infamia,
1089 1960 1170 2020 venit
1186 1958 1223 2021 ad
1238 1977 1303 2019 aras
1325 1972 1354 2020 et
1368 1958 1404 2019 ad
1427 1978 1476 2020 me
1496 1973 1612 2042 petrum

327 2072 357 2121 et
376 2056 461 2121 alios.

406 2156 524 2220 Haud...
546 2159 611 2241 Ego
632 2155 766 2219 dicebam
787 2158 863 2219 intra
885 2177 948 2221 me:
969 2158 1030 2220 iam
1052 2158 1134 2220 venit
1155 2159 1210 2220 itte
1232 2172 1332 2241 petrus
1353 2156 1489 2220 turbatus
1510 2174 1613 2221 contra

325 2277 384 2332 me,
405 2277 458 2321 nee
480 2276 533 2340 pro
554 2276 613 2320 non
633 2257 739 2320 doctus
768 2273 797 2320 et
825 2259 956 2321 nesciens
978 2277 1098 2340 parcere
1119 2272 1204 2341 tergo
1232 2258 1309 2320 servi
1337 2278 1391 2321 nec
1413 2258 1530 2320 amieo:
1556 2257 1614 2321 hoc

326 2372 373 2422 est
384 2358 452 2442 quia
467 2353 624 2441 aliquando
644 2357 782 2418 dominus
804 2358 879 2420 solet
901 2378 1020 2441 parcere
1041 2376 1127 2419 servo
1148 2378 1203 2419 suo
1225 2358 1316 2419 etita
1337 2359 1449 2419 amicus
1471 2358 1577 2420 amico.
1596 2391 1615 2404 ·

325 2456 481 2543 Pamphile,
501 2476 591 2540 quam
623 2472 667 2518 est
694 2455 759 2518 leve
782 2456 942 2540 dampnare
968 2473 997 2520 et
1029 2455 1172 2519 infamare
1197 2455 1325 2519 alienam
1347 2460 1439 2519 vitam
1468 2473 1498 2519 et
1522 2477 1613 2541 quam

327 2555 434 2620 durum
455 2576 571 2618 serrare
598 2576 683 2617 suam
705 2558 815 2618 vitam!
831 2573 860 2619 et
881 2558 911 2618 in
938 2559 1074 2632 ueritate,
1088 2557 1112 2617 si
1135 2570 1167 2618 tu
1190 2575 1268 2617 esses
1288 2556 1377 2619 hodie
1398 2577 1482 2640 papa,
1498 2572 1529 2618 tu
1553 2578 1614 2618 non

328 2674 428 2740 possea
448 2645 603 2718 defendere
630 2672 660 2719 et
691 2656 839 2718 custodire
859 2655 934 2718 facta
966 2656 1091 2719 ecclesie
1111 2658 1189 2718 sicut
1210 2670 1344 2737 tempore
1365 2673 1428 2731 tuo,
1455 2657 1527 2719 dum
1549 2678 1613 2721 eras

284 2780 286 2784 ·
329 2775 413 2840 papa;
436 2769 468 2817 tu
490 2775 550 2817 oon
570 2774 671 2837 posses
693 2754 787 2817 lacere
808 2757 847 2818 ita
869 2755 947 2839 quod
969 2776 1049 2817 mors
1072 2755 1183 2817 tardior
1202 2756 1419 2838 veniretquam
1435 2777 1523 2833 nunc,
1545 2760 1616 2820 dum

328 2873 386 2939 ego
406 2874 473 2917 sum
494 2874 585 2937 papa;
612 2867 642 2916 et
668 2873 749 2917 mors
771 2853 899 2916 violenta
921 2875 981 2916 non
1002 2856 1122 2937 ingruat
1144 2854 1261 2938 populis
1282 2855 1359 2917 sicut
1381 2874 1470 2932 nunc,
1492 2870 1520 2918 et
1547 2872 1615 2918 tuus

329 2952 450 3018 baculus
471 2956 600 3017 minatur
621 2969 650 3016 et
671 2969 721 3016 tua
742 2952 821 3015 lrous
844 2954 936 3038 rigida
957 2975 1017 3016 non
1038 2954 1200 3037 suffigeret.

409 3055 475 3117 Nou
495 3075 530 3116 nc
550 3074 629 3138 ego...
651 3056 720 3117 Non
740 3074 820 3116 eram
836 3074 892 3138 ego
911 3070 1010 3137 pastor
1024 3069 1055 3116 et
1070 3076 1154 3139 papa,
1169 3075 1188 3116 ο
1204 3054 1428 3117 vitiosissimum
1450 3055 1616 3133 bominum,

327 3153 399 3217 dum
420 3174 493 3217 nero
514 3154 725 3231 truculentum,
747 3143 868 3238 pascens
890 3174 1028 3217 romanos
1051 3170 1186 3237 potentes
1204 3156 1234 3216 in
1255 3154 1395 3238 capitolio
1418 3175 1550 3228 romano,
1569 3156 1618 3217 ad-

329 3273 431 3317 versus
458 3252 613 3317 ecclesiam
640 3270 670 3317 et
697 3256 850 3337 cumipse
878 3257 958 3317 Nero
989 3254 1098 3317 deiecit
1126 3275 1174 3316 me
1195 3270 1312 3336 petrum
1334 3253 1370 3315 ad
1397 3258 1528 3316 terram?
1549 3255 1617 3338 quia

329 3354 429 3437 posuit
448 3354 545 3438 ipsum
567 3356 597 3416 in
618 3373 706 3416 cruce
727 3369 756 3416 et
784 3370 855 3416 tuuc
883 3353 1013 3437 parabat,
1035 3354 1186 3416 destruere
1213 3374 1318 3416 ornnes
1347 3370 1473 3415 sanctos.
1496 3389 1515 3401 -
1540 3355 1620 3430 Quid

327 3454 470 3537 poliani...
487 3469 518 3515 tu
533 3454 604 3516 dicis
620 3473 672 3537 pro
693 3475 742 3516 me
753 3441 771 3530 ;¹
782 3475 842 3516 non
864 3475 901 3516 ne
915 3455 1087 3517 ceciderunt
1101 3454 1206 3536 infiniti
1223 3453 1323 3536 populj
1340 3468 1369 3514 et
1391 3452 1474 3515 vallis
1499 3474 1618 3515 romana

330 3551 367 3615 ad
387 3549 446 3615 huc
469 3567 513 3614 est
541 3553 658 3636 pinguis
690 3556 845 3615 martirum
873 3556 1017 3636 sanguine
1039 3569 1069 3615 et
1096 3554 1160 3615 sola
1187 3572 1253 3615 ossa
1280 3567 1350 3614 sunt
1380 3567 1561 3636 congregata
1589 3556 1617 3614 in

329 3653 442 3715 escuris
462 3651 627 3736 sepulcris?
647 3668 727 3715 certe
747 3651 804 3715 hoc
833 3652 903 3715 nolo
925 3672 990 3736 ego.
1013 3669 1044 3715 et
1064 3653 1162 3716 adhuc
1177 3654 1239 3736 ipse
1261 3649 1344 3714 locus
1366 3667 1410 3714 est
1425 3651 1529 3735 plenus
1548 3654 1617 3736 ipsis

329 3751 455 3828 ossibus,
469 3753 549 3837 quod
563 3768 608 3814 est
629 3752 778 3828 mirabile3
794 3769 822 3816 et
837 3775 896 3816 non
911 3752 995 3816 licuit
1010 3753 1061 3836 tibj
1079 3771 1172 3836 petro,
1188 3773 1241 3814 nec
1256 3752 1321 3834 alijs
1337 3751 1451 3815 licitum
1466 3752 1522 3815 fuit
1539 3773 1618 3815 inan·

330 3851 400 3913 dare
420 3850 571 3935 sepulture
597 3873 663 3914 ossa
691 3853 817 3914 aliorum
845 3854 1020 3929 martirum3
1043 3868 1072 3915 et
1088 3852 1159 3935 lupi,
1180 3851 1255 3913 idest
1270 3852 1399 3936 tyranni,
1420 3851 1619 3934 disperserunt

330 3971 397 4014 ossa
417 3951 542 4014 istorum
564 3966 738 4035 martyrum.
760 3987 780 3998 -
807 3952 861 4034 Dij
886 3952 979 4014 rii=i....
1005 3952 1056 4014 sed
1084 3952 1282 4035 predicatores
1311 3951 1377 4013 fidei
1406 3972 1465 4012 non
1488 3967 1618 4013 tacerent

331 4048 371 4114 ob
390 4037 459 4128 hoc,
481 4066 511 4113 et
533 4051 610 4132 rauej
635 4070 722 4112 canes
743 4050 882 4113 latrantes
904 4054 994 4114 etiam
1022 4053 1052 4113 in
1075 4050 1175 4114 fideles
1196 4072 1256 4112 non
1278 4052 1412 4113 sinerent
1433 4070 1493 4111 non
1514 4051 1616 4132 predi-

331 4169 438 4213 care...
460 4147 632 4211 ortabantur
651 4150 764 4211 animas
786 4170 823 4210 ne
851 4150 989 4213 timerent
1014 4152 1170 4212 martirum
1199 4150 1239 4210 ita
1266 4148 1347 4232 quod
1368 4150 1445 4209 irent
1465 4148 1501 4209 ad
1523 4149 1619 4230 ipsum

331 4247 435 4323 deum;
456 4263 485 4310 et
505 4246 694 4331 capiebamus
715 4250 772 4310 aris
793 4249 930 4311 cadentes
952 4265 981 4311 et
1004 4248 1231 4311 remictebamus
1253 4249 1366 4309 animas
1381 4246 1461 4309 albas
1483 4263 1511 4309 et
1533 4268 1620 4330 puras

332 4346 388 4409 deo
409 4330 560 4410 et'celesti
582 4347 725 4409 civitati...
746 4348 797 4409 sed
820 4364 862 4424 tu,
876 4351 972 4424 mitio,
987 4348 1057 4433 quid
1078 4368 1178 4409 serras
1199 4348 1262 4409 deis
1284 4364 1313 4409 et
1340 4348 1455 4409 nticlti?
1477 4362 1509 4408 tu
1531 4346 1621 4407 nichil

333 4461 465 4531 reportas
486 4446 522 4508 ad
543 4446 613 4509 deos
635 4448 690 4509 nisi
711 4468 833 4524 cornua,
855 4468 906 4510 seu
928 4447 1078 4531 cappellos
1106 4446 1300 4510 cardinalium
1322 4449 1372 4531 qui
1397 4447 1521 4509 reddunt
1543 4447 1622 4528 ipsos

331 4562 483 4610 cornutos.
515 4539 519 4547 ’

415 4647 522 4709 Servo:
542 4666 629 4708 sereo
655 4647 736 4731 quod
764 4669 818 4709 nos
846 4647 1070 4711 accumulamus
1099 4648 1208 4709 teneris
1230 4645 1386 4708 iuvenibus
1415 4643 1622 4712 cardinalibus,

332 4767 407 4833 quos
434 4748 614 4811 intendimus
642 4745 756 4825 lacere3
784 4768 870 4811 servo
901 4768 989 4811 aurea
1017 4764 1047 4811 et
1078 4764 1217 4832 argentea
1248 4768 1326 4809 vasa.
1347 4781 1368 4795 ·
1389 4745 1523 4829 [Addelz
1540 4744 1630 4803 alie&
