4125 5217
346 386 407 450 188
845 396 995 446 ,maesto
1018 397 1125 445 asena

343 671 407 746 tur)
429 662 571 736 humeris,
586 660 660 721 idest
682 660 742 720 suis
764 657 905 741 partibus,
926 660 1034 743 cuique
1054 660 1213 721 corruenire
1228 657 1367 721 tribuens.
1383 675 1413 722 et
1427 661 1504 722 sicut
1519 660 1634 743 caliope

268 768 269 771 ’
343 764 438 826 dulcis
460 760 605 823 sisimirus
627 774 683 821 etc.
699 794 708 806 ·
727 757 849 841 dirigui,
865 758 940 820 idest
955 760 1051 832 timui,
1072 779 1141 820 cum
1163 756 1252 820 talem
1274 774 1303 821 te
1324 779 1387 820 esse
1403 760 1543 831 riderem,
1559 763 1634 823 idest

345 861 511 924 turbabilem
533 870 563 922 ‘ct
585 859 681 921 ritulto
703 858 803 920 labore
825 873 855 919 et
876 858 1241 941 ittgenitsattirrgerrdan13
1264 879 1333 920 nam
1354 858 1398 920 sol
1420 859 1551 921 certabat
1576 862 1634 921 tuis

346 962 434 1043 radiis
449 962 551 1044 iniquo
566 975 680 1034 marte;
702 959 775 1020 idest
799 956 868 1039 radii
885 956 956 1019 solis
979 958 1047 1020 victi
1070 973 1152 1020 eram
1173 978 1189 1019 a
1212 973 1264 1019 tuo
1286 955 1452 1040 splendore.
1475 958 1533 1022 linc
1554 961 1637 1030 dicit,

345 1060 516 1147 yperbolice
530 1059 690 1145 loquendo,
712 1074 832 1142 propter
853 1058 1082 1141 pulcritudinem
1097 1059 1218 1121 domine
1239 1057 1347 1128 lauree,
1368 1074 1419 1120 aut
1442 1072 1561 1141 propter
1581 1079 1637 1121 es-

347 1160 516 1225 cellentiam
531 1161 622 1242 ipsius
637 1160 768 1221 scientie.
783 1193 802 1204 -
818 1166 904 1218 tutetur
919 1167 1020 1241 eorpus
1034 1155 1167 1240 pirlgrlntt
1180 1178 1235 1217 arou
1251 1165 1345 1219 rtostro
1361 1157 1476 1225 luuriue,
1492 1158 1566 1219 idest
1580 1179 1638 1217 mm

347 1259 480 1343 fulgebat
508 1258 626 1321 urorutt
647 1255 770 1330 lumine,
791 1256 842 1318 sed
869 1256 982 1331 disino,
1002 1258 1071 1340 quia
1092 1258 1192 1317 omnia
1214 1278 1230 1317 a
1251 1256 1374 1318 domino
1401 1255 1458 1319 den
1487 1272 1598 1319 neutro.
1620 1292 1639 1305 -

333 1357 503 1444 'Tirrruique
533 1358 616 1429 deos:
636 1378 673 1419 ne
694 1356 779 1431 sorte,
801 1355 928 1418 ridendo
956 1372 995 1430 te,
1016 1357 1150 1419 arderem
1171 1355 1227 1417 dei.
1250 1354 1418 1440 yperbolica
1441 1354 1552 1418 locutio
1575 1372 1639 1434 est,

349 1481 419 1523 nam
451 1474 564 1522 tantam
596 1458 625 1518 in
658 1471 687 1519 tc
718 1456 777 1518 ridi
810 1454 1015 1539 pulcritudinis
1047 1454 1263 1529 excellentiam,
1294 1454 1374 1540 quod
1400 1457 1483 1539 tinauj
1515 1478 1551 1519 ne
1582 1456 1640 1539 dej,

349 1561 427 1644 capti
449 1556 655 1643 pulcritudinis
677 1572 736 1630 tue,
758 1556 902 1630 urtrreut,
917 1555 991 1618 idest
1005 1557 1035 1617 in
1050 1576 1182 1617 arsamum
1204 1555 1245 1636 tuj
1261 1554 1482 1618 descenderent.
1497 1554 1554 1618 ltoc
1572 1576 1641 1619 sero

349 1662 422 1724 dicit
442 1661 497 1721 nisi
518 1674 639 1743 propter
660 1656 866 1720 excellentiam
887 1672 939 1719 aut
958 1657 1090 1731 domiue,
1111 1672 1161 1717 aut
1183 1656 1273 1738 ipsius
1298 1656 1404 1739 poesis.
1426 1689 1436 1703 ·
1459 1663 1642 1741 ruperuntque
1728 1674 1731 1677 ’

346 1761 431 1848 prius
452 1758 515 1841 deq,
532 1778 617 1841 qrrum
646 1776 769 1818 tttttt'tt'e's
790 1755 911 1817 errtrrrru
933 1763 1039 1825 rtostru,
1062 1755 1136 1817 idest
1157 1754 1278 1816 uulnera
1307 1756 1415 1816 attioris
1436 1776 1494 1838 que
1519 1753 1642 1817 urebant

350 1879 410 1935 me,
431 1874 482 1921 aut
503 1877 606 1920 antore
619 1856 739 1918 domine
761 1854 871 1930 lauree,
886 1870 938 1916 mn
959 1854 1103 1917 desiderio
1124 1855 1256 1916 iscientie
1277 1854 1390 1939 poesis3
1406 1853 1452 1917 sel
1467 1870 1536 1917 ante
1553 1875 1641 1939 qnam

350 1978 487 2021 nosceres
508 1954 643 2019 occultos
666 1956 779 2037 isignes,
794 1975 852 2039 que
874 1955 903 2015 iu
925 1968 1024 2017 attente
1039 1974 1091 2015 sua
1112 1953 1266 2037 dispositio
1287 1953 1385 2035 istudij
1402 1954 1445 2035 sui
1463 1969 1492 2016 et
1506 1953 1640 2035 desiderii

349 2057 500 2121 occultata
529 2054 676 2118 nranebat.
698 2089 717 2101 ·
738 2054 845 2124 aneto,
868 2053 942 2115 idest
968 2068 1029 2116 atte
1061 2054 1159 2128 seatio,
1180 2053 1302 2136 cupiens
1323 2052 1452 2135 pandere
1474 2053 1643 2136 primordia,

352 2155 495 2241 principia
510 2155 608 2237 grauis
623 2152 729 2233 morbi,
744 2152 820 2214 idest
835 2171 900 2213 rraee
914 2153 1105 2235 cogitationis
1120 2167 1149 2215 et
1165 2151 1275 2214 urentis
1289 2151 1423 2232 desiderii
1437 2151 1583 2214 allectus·
1596 2153 1644 2214 eia·

353 2252 462 2317 revulsi
481 2272 574 2314 uorem
595 2253 674 2324 sicco,
696 2252 771 2313 idest
785 2272 802 2313 a
817 2252 907 2324 sicce,
926 2251 1078 2336 pulmone:
1095 2252 1149 2313 Hic
1172 2249 1344 2313 naturaliter
1364 2250 1482 2313 locutus
1505 2266 1559 2326 est,
1575 2272 1643 2313 nam

325 2353 517 2416 ·secundum
538 2352 669 2435 phisicoa
691 2372 707 2412 a
730 2349 872 2433 pulmone
895 2352 986 2426 uenit,
1006 2350 1054 2413 sel
1083 2349 1214 2434 procedit
1237 2371 1312 2426 rns3
1335 2365 1364 2412 et
1386 2371 1454 2413 curn
1476 2351 1562 2413 dicit:
1585 2352 1645 2421 eis,

352 2451 501 2536 significat
530 2467 630 2513 actum
652 2452 784 2513 timentis
807 2450 853 2512 rel
882 2452 1019 2526 amamis,
1041 2452 1091 2535 qui
1113 2471 1171 2511 non
1201 2465 1299 2533 potest
1320 2448 1460 2512 diuellere
1483 2471 1586 2512 uocem
1610 2449 1646 2511 ab

353 2553 424 2636 ipsis
445 2551 576 2634 organis,
599 2566 628 2611 et
649 2552 788 2633 precipue
808 2571 921 2611 attaans.
943 2585 963 2597 -
983 2551 1078 2612 terris:
1100 2551 1156 2612 llic
1178 2551 1274 2633 uergit
1301 2570 1470 2612 sennonem
1491 2549 1527 2611 ad
1553 2551 1645 2633 ipsam

353 2651 524 2734 dampnem,
546 2669 604 2734 que
626 2650 742 2711 ridetur
763 2648 839 2711 selle
861 2649 1006 2723 recedere,
1028 2665 1057 2711 et
1078 2650 1169 2711 dicit:
1193 2664 1224 2711 tu
1246 2651 1332 2722 acris,
1354 2649 1429 2711 idest
1450 2649 1521 2711 dura
1548 2648 1646 2711 locuta

354 2770 407 2812 seu
429 2770 533 2833 pauca,
564 2748 671 2831 effugis
704 2748 887 2832 inespletum
911 2769 968 2824 me,
995 2750 1045 2833 qui
1076 2748 1207 2810 notrdmn
1233 2750 1314 2833 pntuj
1339 2748 1484 2831 expellere
1507 2749 1593 2809 scrin
1619 2764 1649 2810 et

355 2848 499 2934 quidquid
521 2848 618 2910 dicere
639 2846 788 2921 solebam,
810 2848 983 2931 indignante
998 2847 1082 2911 uultu
1101 2864 1163 2909 tuo.
1179 2851 1243 2911 Hoc
1258 2848 1337 2932 quod
1352 2848 1424 2910 dicit
1444 2848 1549 2911 accidit
1561 2850 1648 2931 sepis·

354 2949 419 3010 sine
441 2949 519 3010 inter
546 2960 680 3009 narrantes
701 2966 749 3023 se;
771 2966 841 3009 cum
862 2968 939 3009 uerus
961 2946 1024 3009 uult
1046 2947 1143 3010 dicere
1163 2963 1193 3009 et
1213 2945 1295 3031 loqui
1318 2946 1393 3009 iacta
1414 2968 1478 3023 sua,
1499 2946 1573 3010 alter
1597 2950 1648 3010 iu-

354 3046 502 3131 dingnans
517 3045 593 3129 sugit
608 3061 637 3108 et
659 3045 764 3129 linquit
780 3044 864 3107 illum
880 3046 1036 3130 inexpletis
1052 3046 1155 3108 serbis.
1168 3082 1177 3094 ·
1189 3048 1318 3120 incessus,
1330 3047 1405 3109 idest
1422 3067 1552 3110 recessus
1567 3065 1648 3124 tuus,

355 3169 375 3209 o
407 3147 545 3231 danapne,
576 3147 676 3216 sternit,
708 3145 812 3223 licuit3
842 3146 917 3208 idest
949 3146 1062 3209 licitum
1096 3163 1139 3208 est
1171 3161 1199 3208 te
1233 3147 1378 3221 recedere,
1409 3148 1477 3230 quia
1510 3145 1648 3210 solebant

310 3263 312 3266 ’
356 3246 437 3330 loqui
471 3261 501 3308 et
532 3245 622 3307 nichil
653 3244 750 3307 dicere
781 3260 927 3328 poteram,
958 3246 1024 3308 ideo
1057 3261 1086 3307 te
1108 3246 1243 3308 recedere
1275 3248 1380 3309 rtrerito
1403 3245 1457 3309 fuit
1490 3261 1519 3308 et
1549 3246 1649 3310 decuit

357 3350 498 3411 incessus.
522 3365 589 3407 nam
606 3344 693 3406 uerba
710 3365 778 3406 ntea
799 3345 925 3407 insidere
946 3347 1055 3421 aninta,
1081 3347 1155 3408 idest
1176 3346 1317 3430 quidquid
1333 3348 1362 3407 in
1380 3348 1482 3408 animo
1502 3345 1648 3407 habebam

357 3464 418 3505 non
447 3443 528 3525 potuj
562 3442 709 3525 explicare
740 3458 769 3504 ct
801 3443 862 3525 ipsa
896 3442 984 3505 verba
1016 3464 1144 3521 exerere,
1176 3445 1250 3506 idest
1282 3444 1436 3506 firrnasere
1467 3465 1498 3506 se
1530 3443 1647 3528 liquidis

357 3540 505 3605 medullis.
526 3541 581 3604 hec
610 3543 709 3603 onmia
741 3541 910 3604 amantibus
941 3543 1089 3605 accidunt.
1111 3564 1146 3605 ea
1180 3542 1230 3605 illo
1252 3559 1386 3627 tempore
1416 3564 1477 3628 quo
1509 3545 1588 3626 prius
1621 3560 1650 3605 te

359 3642 418 3723 eidi
441 3658 470 3704 et
492 3642 571 3722 volui
591 3640 683 3725 loqui,
699 3640 815 3703 lucrium
836 3648 861 3703 et
880 3644 1006 3726 suspiria
1027 3643 1149 3704 trrrulnut
1170 3644 1303 3705 miserum
1322 3650 1415 3727 pectus
1437 3643 1558 3705 assiduis
1571 3640 1651 3727 fluti-

359 3740 419 3810 bus,
433 3740 510 3803 idest
525 3740 698 3824 suspirando
713 3757 743 3802 et
758 3741 906 3824 genaendo
922 3741 992 3803 llatu
1004 3757 1093 3826 atque
1106 3741 1196 3803 iurlre
1210 3744 1320 3826 tepuisti,
1335 3742 1410 3804 idest
1426 3740 1552 3804 lacrimis
1568 3763 1650 3805 mme
1671 3803 1675 3810 ,

359 3823 499 3902 imbrium
521 3839 700 3923 pluentibus.
723 3875 741 3886 -
763 3847 792 3901 tu
815 3840 938 3914 taurian,
959 3862 978 3901 o
999 3840 1136 3925 dampnc,
1157 3862 1215 3924 que
1236 3839 1298 3902 sola
1313 3858 1408 3924 potes,
1430 3842 1568 3903 miserere
1583 3843 1651 3924 tnej,

360 3939 543 4024 eroduntque
564 3959 641 4021 pone
663 3938 758 4015 malis,
777 3959 830 4001 seu
855 3942 965 4002 amoris
986 3955 1038 4004 aut
1059 3940 1208 4023 desideriis
1230 3940 1338 4016 lamec,
1360 3961 1450 4023 quam
1471 3961 1563 4025 quero
1584 3943 1651 4003 assi·

359 4036 426 4100 duis
446 4038 552 4119 studiis
568 4053 597 4099 et
619 4037 788 4115 laboribus;
807 4048 879 4123 pone
904 4039 1028 4117 niodum,
1049 4039 1126 4116 dico,
1148 4040 1233 4101 malis
1248 4041 1369 4102 meissi
1381 4042 1454 4101 iustu
1474 4049 1546 4124 pete,
1566 4042 1593 4101 si
1612 4062 1652 4102 ro

360 4138 442 4222 guita
464 4157 563 4199 renero.
586 4138 668 4220 quasi
691 4137 787 4200 dicat:
810 4138 889 4222 quod
911 4154 981 4222 peto
1003 4138 1058 4215 iac,
1073 4141 1096 4201 si
1112 4140 1219 4203 merito
1234 4154 1303 4222 peto
1325 4153 1358 4202 ut
1383 4138 1448 4201 talis
1463 4142 1519 4201 sim
1533 4139 1651 4223 qualem

363 4236 507 4320 dingnum
523 4236 663 4298 iudices·
677 4238 760 4312 Quot.
775 4236 943 4319 Respondet
953 4238 1098 4320 dampne:
1115 4238 1300 4300 dinumerare
1315 4239 1396 4322 piget
1413 4253 1487 4322 quot
1502 4240 1571 4300 rius
1586 4259 1651 4301 ntea

360 4332 454 4399 sonna
470 4336 589 4419 placuit,
610 4352 683 4420 quot
706 4337 791 4397 torsit
815 4352 957 4398 asstantes.
980 4352 1068 4420 prout
1089 4338 1201 4400 dictum
1225 4353 1278 4412 est,
1294 4340 1388 4420 inipsa
1409 4338 1531 4399 domina
1554 4338 1651 4401 laurea

360 4434 462 4498 multis
477 4434 597 4519 placuit,
613 4436 663 4497 sed
684 4437 713 4498 in
729 4451 844 4498 tantum
860 4436 1067 4498 honestissima
1079 4435 1134 4499 luit
1147 4436 1225 4521 quod
1241 4459 1345 4500 (statues
1362 4439 1479 4525 respicit
1493 4453 1522 4499 et
1536 4437 1601 4500 solo
1615 4438 1651 4499 ad

361 4536 547 4598 honestatem
571 4535 715 4617 porresi13
732 4534 777 4597 rel
793 4536 958 4619 dicitquod
974 4536 1035 4619 ipsa
1051 4538 1146 4619 poesis
1163 4536 1263 4598 atteritis
1279 4537 1389 4619 placuit
1405 4539 1484 4613 siris,
1500 4537 1575 4599 idest
1590 4538 1651 4620 ipsa

363 4635 478 4718 poetica
501 4635 643 4710 scientia;
665 4634 725 4709 sed,
747 4635 815 4717 qnia
838 4633 921 4696 labor
942 4635 1090 4698 studiosus
1113 4638 1295 4697 necessarius
1317 4652 1360 4697 cst
1382 4636 1418 4697 ad
1437 4657 1503 4699 eam
1520 4637 1652 4699 retinen-

361 4734 430 4796 dam
452 4732 549 4818 multj,
571 4732 766 4797 destituerunt
786 4734 931 4820 principia
952 4735 1064 4822 etipsa
1087 4734 1169 4814 tales,
1192 4756 1250 4798 uon
1272 4750 1428 4821 sequentes
1450 4756 1527 4813 marr,
1541 4734 1652 4798 dereli-
1688 4778 1693 4786 -
