4125 5217
897 388 1045 436 asrosto
1071 389 1175 437 astat-t

397 655 573 734 Omnem
605 651 800 733 continuit
831 649 903 731 lisa
933 648 1005 731 sub
1037 672 1165 732 meute
1195 648 1386 744 dnlurem,

401 779 662 884 lirumuitque
692 775 824 858 simul.
858 779 990 859 Pastor
1019 765 1245 860 temerarius
1276 777 1351 857 ictu

301 978 303 983 ,
401 905 573 986 Feminei
605 904 808 984 mucronis
837 902 932 995 obit,
962 924 1198 1009 truncusque
1227 900 1356 1004 gelato

402 1032 494 1111 Nun
525 1057 662 1111 ararum
695 1029 791 1111 bibit
820 1058 887 1110 ure
918 1031 1056 1118 nitens,
1086 1028 1152 1110 sed
1183 1028 1323 1134 pocula
1354 1028 1500 1120 Martis,

402 1158 635 1238 Concretam
666 1157 815 1237 saniem
846 1176 881 1237 et
911 1154 1086 1261 tepidum
1117 1156 1164 1236 de
1193 1154 1284 1237 cede
1312 1182 1542 1236 cruorem».

406 1314 425 1358 a
445 1282 559 1386 Erga),
589 1311 681 1388 age;
713 1281 872 1388 quaudo
903 1311 1011 1389 pares
1041 1280 1242 1388 exemplis,
1273 1282 1480 1389 (Artbicus
1512 1281 1617 1389 inm)

403 1410 565 1492 Brachia
593 1430 801 1503 tentemus,
831 1408 1036 1491 succedant
1068 1408 1221 1490 uerbera
1251 1407 1386 1490 verbis.
1649 1446 1686 1484 us

404 1535 527 1633 Quid,
558 1536 681 1618 tnudu
712 1535 968 1629 Colchorum,
999 1533 1190 1628 volucres
1220 1536 1380 1618 orientis
1410 1537 1571 1625 odores;

406 1662 565 1759 Quidve
593 1663 685 1768 gule
715 1683 750 1743 et
781 1663 924 1744 eeutris
954 1662 1190 1743 irritamenta
1220 1663 1369 1769 capacis

405 1787 580 1871 Omnia?
611 1788 723 1884 Quid
755 1787 895 1895 pelago
926 1786 1136 1869 rebemens
1165 1785 1339 1882 echinus,
1369 1790 1547 1895 inersque

407 1913 596 2010 RumbuS,
626 1936 663 1995 et
693 1915 818 1995 ornati
849 1913 1023 2021 squamis
1054 1911 1313 2007 rutilantibus,
1344 1913 1440 1997 olim

407 2040 565 2122 Ferreus
594 2062 724 2121 aurata
754 2068 855 2147 quos
885 2038 1007 2121 dixerit
1038 2037 1177 2120 ltamus
1207 2068 1331 2134 auena,

406 2165 488 2247 Sub
517 2167 664 2247 venetis
695 2166 795 2248 clam
826 2193 977 2247 mersus
1006 2165 1144 2272 aquis?
1175 2165 1296 2261 Quid.
1315 2167 1471 2250 vulnere
1500 2168 1633 2250 crebro

408 2292 449 2373 Si
479 2320 554 2399 qua
583 2292 644 2374 rel
675 2293 843 2399 hispano
872 2312 977 2374 natat
1006 2291 1145 2398 ingens
1175 2292 1287 2374 belua
1318 2315 1452 2400 pontu,

408 2416 479 2500 Vel
509 2418 645 2525 lybicis
676 2419 812 2499 iactata
842 2417 961 2513 vadis,
993 2419 1270 2525 peregrinaque
1300 2443 1472 2502 monstra

409 2542 656 2625 Profuerint?
688 2543 798 2640 Quid
830 2542 1057 2649 palmitibus
1086 2574 1153 2625 seu
1183 2544 1339 2651 dempta
1370 2545 1535 2640 salernis,

409 2671 485 2752 Seu
503 2664 709 2772 'Ligurum
739 2669 915 2775 decerpta
947 2671 1048 2774 iugis
1079 2671 1247 2753 ardentia
1277 2674 1392 2754 uina?

411 2799 580 2903 Queque
611 2795 711 2878 seras
742 2798 904 2901 gemino
934 2799 1148 2879 transmisit
1178 2798 1278 2880 colle
1308 2802 1479 2883 Vesevus

412 2920 540 3015 Dolia,
570 2921 747 3028 precipiti
779 2920 957 3027 rapidum
988 2924 1211 3027 spumantia
1241 2929 1404 3008 musto?

412 3047 580 3152 Queque
610 3045 714 3126 dedit
745 3047 891 3141 bieme,
921 3046 997 3129 soli
1026 3047 1199 3131 subiecta
1229 3053 1480 3158 propinquo?

411 3173 597 3266 Preterea‚
628 3170 722 3278 quid
752 3171 854 3252 lenta
884 3174 1006 3280 quies,
1038 3174 1131 3281 quid
1161 3176 1295 3258 mollis
1326 3179 1365 3258 in
1396 3179 1531 3260 umbra

412 3296 458 3376 Et
486 3323 607 3401 sopor
636 3316 671 3376 et
702 3298 805 3377 rauci
836 3325 902 3403 per
932 3296 1050 3397 florea
1079 3301 1254 3404 gramina
1285 3300 1436 3384 sontes?

413 3422 564 3503 Omnia
593 3423 632 3502 in
663 3424 825 3504 exitium
856 3445 1014 3520 certent,
1045 3450 1081 3507 et
1113 3425 1251 3508 blanda
1281 3429 1460 3536 voluptas

413 3546 603 3629 Conticiet
634 3546 793 3629 bellum.
828 3548 969 3631 Mulier
998 3574 1063 3633 tua
1092 3553 1177 3634 sola
1207 3554 1336 3635 iurare

415 3673 474 3754 Te
504 3672 608 3754 volet
638 3694 674 3755 et
705 3676 868 3780 poterit!
901 3677 1085 3759 Validum
1117 3680 1224 3785 prius
1254 3710 1344 3786 egra
1374 3681 1524 3764 leonem

415 3799 565 3880 Sternet
595 3802 694 3893 osis,
725 3802 833 3907 prius
863 3804 1100 3908 armigerum
1132 3803 1360 3911 philumena
1390 3811 1575 3892 tonantis.
1593 3843 1612 3885 n

416 3926 583 4007 Dixerat.
615 3925 684 4006 ille
715 3948 864 4007 autem:
900 3961 919 4005 a
938 3929 1146 4024 Quorsum
1178 3960 1243 4037 per
1272 3934 1396 4038 iurgia
1425 3936 1607 4017 tandem?
1664 3975 1701 4014 nas

416 4048 527 4145 Quid
557 4079 712 4133 mecum
744 4080 912 4134 cantune
942 4054 1038 4136 tibi?
1056 4089 1075 4132 a
1113 4090 1133 4132 a
1151 4056 1217 4138 Nil
1247 4106 1260 4117 -
1291 4059 1472 4141 Artlticus
1503 4063 1668 4168 inquit·

488 4361 518 4412 V.
536 4373 598 4413 112:
620 4363 717 4413 martis.
738 4392 746 4402 ·
768 4364 798 4414 Υ.
821 4375 886 4426 114ῐ
905 4366 1025 4425 artbieus,
1044 4365 1098 4416 -Υ,
1117 4367 1177 4416 116:
1196 4367 1351 4420 colchorum.
1371 4371 1425 4426 Ν,
1443 4372 1504 4423 ttS:
1525 4371 1597 4439 quid.¹
1609 4400 1617 4410 ·
1631 4372 1703 4422 ticli·

416 4468 472 4501 nus.
494 4451 525 4507 Υ,
549 4465 622 4501 rar·
640 4465 703 4517 125:
723 4455 794 4519 «prid,
814 4484 822 4493 ·
843 4455 873 4511 Υ,
905 4469 966 4521 125:
987 4458 1106 4523 ligurum.
1131 4487 1139 4496 -
1169 4459 1199 4509 Υ.
1223 4460 1282 4510 126:
1308 4478 1423 4511 vesevus.
1442 4491 1451 4501 ·
1472 4463 1503 4517 t’.
1525 4464 1585 4513 128:
1610 4481 1702 4519 meroe.

416 4542 448 4592 Υ.
465 4554 533 4604 129·
548 4555 608 4608 130:
629 4544 650 4593 ll
663 4546 721 4595 eud.
733 4545 807 4595 titt,
827 4548 859 4596 (i.
881 4558 905 4608 7.
920 4549 987 4598 della
1005 4550 1069 4598 Nar.
1088 4550 1113 4597 di
1134 4548 1228 4614 Napuii
1248 4552 1281 4599 d'a
1294 4550 1348 4618 [cfr.
1365 4569 1422 4619 pag.
1440 4564 1479 4614 17,
1497 4568 1532 4622 Η),
1552 4555 1574 4604 le
1588 4554 1702 4605 varianti:

781 4651 1012 4704 1¹reureaqnidunta
1027 4654 1086 4705 quim
1100 4664 1120 4695 et
1135 4654 1204 4694 mauis
1219 4653 1239 4694 ²u
1255 4655 1329 4697 umbra

774 4727 869 4769 sontum
883 4739 903 4771 et
917 4726 1003 4771 :anieno
1017 4727 1112 4770 tanetus
1126 4741 1232 4769 murmure
1247 4726 1296 4771 riri.
