4125 5217
384 370 449 460 248
608 407 612 414 -
885 385 1164 436 antonionum

387 673 473 724 unus,
493 651 578 735 quasi
600 669 689 712 unam
713 667 818 732 gerens
838 668 941 710 curam
961 668 1014 709 seu
1037 646 1319 730 contemplativam
1342 668 1410 709 nam
1431 648 1559 710 activam
1581 648 1671 733 lique·

388 766 432 813 rat
453 752 556 819 vitam,
578 765 606 811 ct
627 747 889 831 critatemplatiuam
912 746 1101 808 solummodo
1122 746 1301 829 sequebatur
1321 746 1336 828 (
1358 748 1382 829 ).

468 849 520 912 tili
539 848 685 910 condius:
707 848 748 910 ad
762 847 920 909 utilitatem
936 863 1028 921 tuatm,
1043 845 1116 909 cella
1131 849 1273 909 orationis
1288 862 1317 909 et
1332 848 1513 927 monasterii.
1529 882 1548 894 -
1562 849 1673 930 gregis:

388 971 484 1011 rerum
507 947 726 1031 temporalium,
746 948 875 1009 ciuitatis
896 961 926 1008 et
945 946 1112 1008 hortunam.
1132 982 1143 994 ·
1164 966 1267 1009 curm:
1288 946 1501 1008 solicitudiues.
1524 948 1585 1008 inm
1606 948 1672 1008 felix

388 1072 428 1122 es,
451 1049 500 1110 scal
523 1070 579 1130 ego
601 1070 670 1109 nom
692 1083 711 1094 ·
730 1056 868 1133 pererro:
890 1044 982 1109 lustro
1004 1048 1034 1109 in
1057 1047 1131 1110 ualle
1152 1046 1271 1122 clausa;
1301 1046 1350 1109 ubi
1379 1047 1558 1109 morabatur.
1582 1083 1601 1095 -
1622 1069 1675 1132 ge-

390 1148 499 1210 uullr's:
521 1151 589 1229 quia
611 1162 642 1210 tu
665 1146 743 1221 lelix,
764 1167 822 1230 ego
844 1145 951 1209 infelix.
974 1182 994 1193 -
1013 1146 1157 1231 sepulcri:
1177 1148 1247 1231 quia
1269 1167 1343 1209 vaco
1366 1146 1615 1230 temporalibus(
1636 1148 1660 1230 ).

471 1248 824 1313 al.·ain:..seuscientiam
845 1248 1012 1330 poeticarum
1040 1248 1136 1321 deria,
1156 1248 1351 1329 quiapauci,
1374 1246 1419 1309 tel
1441 1246 1675 1310 nulli-incedunt

391 1370 442 1432 per
464 1351 541 1409 uiam
563 1362 728 1431 poetaruiu.
749 1383 769 1394 -
789 1350 978 1409 irracccssmu:
999 1347 1068 1432 quia
1090 1345 1188 1408 nullus
1210 1346 1246 1408 ad
1275 1351 1388 1430 parnasi
1412 1367 1555 1409 careumeu
1577 1367 1676 1410 ascen·

390 1449 442 1510 tie.
464 1483 484 1495 -
505 1448 631 1510 deserta:
652 1448 760 1522 studia,
780 1467 839 1530 que
860 1446 948 1508 bodie
968 1445 1108 1510 derelicta
1126 1462 1212 1520 sum;
1234 1449 1302 1530 quia
1324 1449 1353 1508 in
1375 1446 1456 1508 siluis
1478 1462 1565 1530 poeta
1585 1450 1677 1509 conti·

392 1568 451 1623 nuc,
471 1546 654 1624 naasrabauar.
672 1584 691 1593 -
712 1546 868 1630 scopulosa.
883 1562 1005 1629 propter
1031 1545 1122 1608 utatis
1144 1546 1296 1631 helyconis
1319 1547 1461 1608 undas.··-
1474 1546 1578 1630 -fauales
1605 1566 1677 1632 pru:

391 1646 556 1732 belyeoois‚
577 1649 627 1730 qui
655 1649 683 1707 in
713 1666 837 1729 parnaso
866 1662 969 1707 ntonte
991 1648 1093 1708 lloetie
1120 1662 1175 1718 est,
1207 1644 1256 1708 ubi
1285 1661 1371 1729 poete
1398 1644 1599 1708 niorabuntur.
1621 1645 1676 1709 Vel

392 1746 531 1829 intelligit
553 1746 589 1808 de
611 1749 725 1829 Sarma,
748 1746 827 1809 linuc
849 1746 926 1828 apud
950 1744 1065 1807 l'allem
1087 1745 1236 1821 Clausam,
1253 1745 1300 1808 ubi
1317 1762 1402 1829 poeta
1425 1745 1597 1808 morabatur
1617 1745 1677 1828 (3).

473 1847 529 1909 Hic
551 1863 596 1909 est
617 1846 763 1909 secundus
784 1844 920 1929 dialogus
942 1862 971 1908 et
992 1845 1102 1908 Siluius
1123 1861 1306 1922 excusatae,
1327 1846 1418 1930 quod,
1439 1865 1541 1907 amore
1561 1845 1679 1921 ductus,

464 2222 504 2285 (1)
523 2213 569 2291 [N]
587 2218 645 2284 iliis
665 2218 726 2268 visis
745 2236 795 2286 que
814 2218 841 2269 in
860 2217 919 2268 libri
938 2218 1074 2270 cuiuslibet
1098 2216 1225 2285 principio
1249 2219 1422 2286 requiruntur,
1441 2218 1578 2270 solumodo
1603 2218 1679 2269 venio

392 2311 426 2361 ad
445 2308 641 2359 declarationem
661 2308 736 2358 tituli.
755 2308 847 2359 dicitur
867 2308 950 2375 primo
976 2307 1115 2359 franciscus
1140 2309 1214 2375 quasi
1239 2309 1340 2359 francus
1359 2320 1384 2359 et
1403 2310 1467 2359 liber
1490 2311 1523 2359 ab
1542 2309 1613 2360 omni
1632 2325 1682 2359 ser·

393 2399 509 2450 vitudine
527 2398 665 2457 uitiorum
684 2399 827 2465 petrarcha,
844 2398 918 2465 quasi
944 2409 1025 2465 petra,
1044 2398 1110 2450 idest
1136 2398 1266 2450 firmitudo
1285 2411 1310 2450 et
1336 2400 1421 2461 areba,
1440 2417 1485 2450 seu
1505 2398 1639 2467 sapientie,
1657 2410 1682 2450 et

393 2488 475 2555 ipsius
493 2486 623 2549 thesauri;
642 2498 717 2553 poeta
735 2487 828 2537 dicitur
846 2504 861 2538 a
880 2487 940 2554 poio
960 2517 969 2527 ·
989 2488 1020 2548 is,
1039 2488 1106 2539 idem
1126 2489 1253 2555 estquod
1273 2489 1342 2556 fingo
1358 2518 1366 2527 ·
1383 2489 1492 2555 is‚quia
1512 2499 1586 2556 poete
1606 2507 1682 2540 unam

394 2595 448 2628 rem
468 2578 567 2645 fingunt
585 2587 611 2628 et
629 2578 706 2627 aliam
726 2578 871 2644 inteligunt.
890 2578 1027 2638 laureatus,
1052 2578 1113 2645 quia
1136 2578 1225 2629 habuit
1251 2596 1371 2630 eoronam
1396 2579 1494 2629 lauria
1513 2580 1619 2631 domino
1645 2597 1683 2630 ru-

396 2672 467 2719 berto
485 2672 518 2719 de
536 2669 636 2735 apulia;
656 2669 748 2720 dieitur
768 2670 923 2721 buoeolieum
942 2688 957 2719 a
982 2672 1055 2730 bose,
1079 2686 1132 2720 non
1150 2672 1220 2736 quosl
1246 2672 1278 2721 de
1305 2670 1361 2735 ipso
1387 2679 1486 2728 tractet,
1512 2671 1557 2721 sed
1575 2671 1637 2738 quia
1656 2671 1683 2722 iit

393 2758 569 2809 denominatio
588 2775 604 2808 a
621 2758 743 2824 digniori,
761 2758 883 2826 quoniam
903 2758 990 2810 rustici
1010 2776 1062 2809 non
1082 2760 1180 2810 habent
1198 2759 1350 2826 pulcrius'et
1363 2758 1454 2809 sorum
1471 2760 1577 2811 ‘animal'
1589 2760 1683 2811 dieitur

394 2848 485 2915 egloga
503 2849 537 2897 ab
555 2848 611 2914 egle
630 2850 699 2915 quod
725 2857 765 2898 est
788 2865 874 2915 capra,
899 2847 972 2915 quasi
998 2865 1083 2899 sermo
1109 2848 1238 2915 caprinus.
1257 2848 1324 2898 inter
1349 2848 1400 2899 alia
1426 2848 1579 2916 supponitur
1597 2858 1683 2900 autem

393 2938 441 2988 iste
460 2938 526 2989 liber
544 2938 634 2989 morali
653 2938 834 3005 philosophie;
858 2939 972 2991 continet
990 2950 1077 2990 autern
1095 2938 1222 3006 dialogos,
1240 2937 1307 2989 idest
1331 2940 1441 2989 duorum
1462 2956 1604 3001 sermones,
1623 2939 1684 3007 quia

394 3029 478 3097 primo
497 3028 610 3097 loquitur
629 3046 705 3095 uiues,
724 3029 818 3081 deinde
836 3029 911 3083 alius.

467 3121 505 3184 (2)
525 3127 620 3170 antro:
639 3119 666 3170 in
684 3119 757 3179 cella,
776 3120 817 3170 vel
836 3120 999 3171 monasterio.
1014 3150 1023 3159 -
1038 3120 1153 3172 monicus
1166 3119 1213 3171 luit
1233 3137 1299 3171 unus
1318 3120 1391 3187 gigas
1411 3122 1508 3171 babens
1528 3137 1607 3171 unum
1626 3137 1684 3172 ocu·

396 3209 449 3260 lam
469 3209 496 3260 in
516 3209 601 3262 fronte
620 3212 652 3261 ad
671 3209 752 3261 instar
771 3210 914 3277 lampadis;
933 3210 991 3262 ialeo
1010 3211 1103 3262 dieitur
1122 3228 1254 3273 monacus,
1271 3211 1388 3263 monicus
1406 3212 1491 3278 quasi,
1509 3212 1609 3263 habens
1628 3228 1686 3263 ocu·

381 3300 451 3363 ,lum
470 3299 611 3368 spirituale.
631 3301 783 3352 Franciscus
801 3312 887 3352 autem
906 3301 999 3353 dicitur
1018 3301 1117 3361 silvius,
1130 3302 1191 3368 quia
1207 3300 1235 3351 in
1255 3300 1336 3360 silvis,
1349 3301 1466 3351 videlieet
1480 3301 1506 3350 in
1526 3300 1687 3363 valleclausa,

397 3390 457 3442 lecit
476 3389 570 3441 librum
588 3392 622 3442 de
642 3392 694 3442 vita
712 3391 844 3453 solitaria;
863 3402 945 3443 mater
963 3408 1024 3443 vero
1050 3391 1105 3443 eius
1129 3401 1217 3443 vocata
1240 3390 1287 3441 luit
1306 3391 1398 3442 cletta:
1417 3390 1493 3441 venio
1511 3408 1573 3457 ergo
1591 3392 1624 3441 ad
1642 3408 1687 3442 ex·

398 3481 554 3548 positionem
573 3481 646 3532 litere
664 3491 690 3532 et
709 3482 805 3548 primo:
821 3483 907 3548 grepis
925 3492 950 3532 et
970 3483 1041 3532 ranis
1053 3500 1084 3534 eo
1096 3483 1165 3549 quon
1178 3498 1260 3549 genus
1274 3480 1420 3531 divitiarum
1433 3490 1603 3548 congregatur
1621 3480 1686 3548 ipsis

400 3569 581 3621 mediantibus.
601 3599 610 3609 ·
629 3572 763 3622 ituraeam:
782 3571 843 3638 quia
861 3581 936 3639 poete
956 3583 1054 3623 tantum
1073 3574 1256 3624 abstrabuntur
1273 3573 1306 3623 ab
1324 3571 1464 3633 intellectu,
1481 3573 1551 3638 quod
1571 3571 1687 3623 incidunt

397 3659 424 3710 in
444 3659 562 3722 extasim,
583 3661 650 3712 idest
669 3661 696 3711 in
715 3662 860 3713 intellectus·
878 3662 1086 3714 abstractionem.

468 3838 524 3911 [Cr]
539 3844 646 3908 gregis:
670 3842 803 3893 familie·
829 3844 920 3893 amis:
945 3843 1081 3894 domorum
1104 3842 1254 3895 habentium
1281 3841 1405 3893 maiorem
1432 3858 1528 3894 euram.
1546 3870 1556 3881 ·
1573 3843 1687 3893 dunenses

396 3932 490 3982 colles:
509 3932 629 3983 dominos
648 3932 811 3998 temporales,
829 3932 873 4000 qui
902 3944 960 3984 sunt
986 3934 1169 3985 intractabiles.
1196 3962 1205 3972 ·
1229 3935 1330 3983 silens:
1348 3932 1473 3985 civitates.
1492 3961 1501 3972 ·
1518 3941 1549 3982 at
1563 3942 1616 3999 spes
1635 3949 1687 3983 nm

397 4039 452 4071 una
471 4023 582 4086 sepulcri
591 4038 602 4070 .·
620 4021 681 4088 quia
700 4033 727 4072 to
747 4023 831 4073 tendis
850 4024 883 4074 ad
903 4024 1006 4074 celestia
1025 4035 1050 4075 et
1070 4034 1111 4074 tua
1130 4023 1216 4074 anima
1239 4023 1286 4075 ibit
1310 4023 1337 4074 in
1360 4023 1452 4074 celum.
1471 4024 1504 4073 Et
1523 4039 1572 4090 ego
1590 4022 1635 4090 qui
1653 4023 1687 4073 do

396 4114 518 4179 hoperam
539 4114 614 4163 rebus
634 4113 752 4173 terrenis,
769 4115 815 4180 jbo
833 4115 866 4165 ad
886 4114 988 4165 inferos.

469 4206 508 4268 (3)
528 4197 582 4274 [Crl
605 4204 699 4253 deebi:
720 4203 845 4270 scientias
872 4204 1004 4254 bunranas.
1031 4233 1040 4243 -
1062 4222 1209 4255 ceceanu-m:
1229 4205 1331 4263 lamam,
1357 4205 1397 4255 vel
1423 4204 1532 4271 gloriam
1555 4205 1654 4256 mundi.
1678 4233 1689 4245 ·

398 4296 511 4343 mentis:
530 4292 644 4343 seientia.
665 4323 673 4332 -
693 4294 788 4343 deserta
799 4311 809 4343 .·
828 4311 873 4361 per
891 4294 1001 4345 alienam
1028 4304 1122 4345 terram
1147 4313 1196 4363 pro
1220 4295 1354 4346 addiscere
1378 4304 1405 4345 et
1429 4294 1534 4361 augiere
1557 4293 1688 4345 lamam.-

396 4384 527 4449 scapulns:
546 4383 638 4434 divites
657 4393 683 4434 et
701 4394 828 4451 potentes.
847 4413 856 4422 ·
867 4384 974 4449 serrem:
995 4386 1063 4436 viros
1083 4384 1193 4458 laanosos
1213 4396 1238 4437 et
1257 4395 1355 4452 poetas.
1385 4445 1387 4449 ¹

468 4558 540 4635 [CB]
558 4565 630 4613 deuio
641 4582 652 4615 ‚¹
671 4582 716 4631 per
735 4563 798 4615 istos
818 4576 915 4632 poetas,
933 4566 977 4632 qui
997 4566 1074 4633 longe
1094 4577 1152 4616 sunt
1171 4584 1187 4615 a
1206 4565 1246 4615 sia
1260 4565 1382 4616 veritatis.
1401 4595 1410 4604 ·
1428 4582 1549 4616 cucrameu
1560 4581 1571 4614 .·
1589 4564 1621 4615 ad
1635 4562 1688 4613 latt-

393 4653 541 4714 mationem,
561 4655 626 4706 idest
645 4656 678 4705 ael
699 4655 882 4722 perlectionem
901 4657 996 4723 poesis,
1015 4644 1066 4723 que
1086 4656 1190 4706 nonnisi
1211 4655 1321 4706 maximo
1341 4656 1428 4707 labore
1453 4653 1602 4722 aequiritur.
1621 4684 1630 4694 ·
1648 4655 1687 4705 de·

389 4752 475 4795 serta:
493 4755 577 4813 potest
597 4745 706 4813 intelligi
733 4748 766 4798 ‹le
784 4746 916 4798 autoribus
936 4747 1049 4816 antiquis
1069 4747 1208 4815 inquibus
1227 4748 1354 4798 studebat.
