<?xml version="1.0" encoding="UTF-8"?>
<!DOCTYPE html PUBLIC "-//W3C//DTD XHTML 1.0 Transitional//EN"
    "http://www.w3.org/TR/xhtml1/DTD/xhtml1-transitional.dtd">
<html xmlns="http://www.w3.org/1999/xhtml" xml:lang="en" lang="en">
 <head>
  <title>
</title>
<meta http-equiv="Content-Type" content="text/html;charset=utf-8" />
  <meta name='ocr-system' content='tesseract 3.04.00' />
  <meta name='ocr-capabilities' content='ocr_page ocr_carea ocr_par ocr_line ocrx_word'/>
</head>
<body>
  <div class='ocr_page' id='page_1' title='image "./ilbucolicumcarm00avengoog_0218.png"; bbox 0 0 4125 5217; ppageno 0'>
   <div class='ocr_carea' id='block_1_1' title="bbox 899 396 1177 448">
    <p class='ocr_par' dir='ltr' id='par_1_1' title="bbox 899 396 1177 448">
     <span class='ocr_line' id='line_1_1' title="bbox 899 396 1177 448; baseline -0.007 0"><span class='ocrx_word' id='word_1_1' title='bbox 899 396 1049 448; x_wconf 71' lang='lat' dir='ltr'>ANTONIO</span> <span class='ocrx_word' id='word_1_2' title='bbox 1071 398 1177 447; x_wconf 63' lang='lat' dir='ltr'>sverm</span> 
     </span>
    </p>
   </div>
   <div class='ocr_carea' id='block_1_2' title="bbox 397 660 1692 4835">
    <p class='ocr_par' dir='ltr' id='par_1_2' title="bbox 397 660 1692 4835">
     <span class='ocr_line' id='line_1_2' title="bbox 397 660 1683 746; baseline -0.003 -18"><span class='ocrx_word' id='word_1_3' title='bbox 397 678 429 728; x_wconf 88' lang='lat' dir='ltr'>et</span> <span class='ocrx_word' id='word_1_4' title='bbox 448 677 562 726; x_wconf 84' lang='lat' dir='ltr'>ceteros</span> <span class='ocrx_word' id='word_1_5' title='bbox 574 685 582 740; x_wconf 90' lang='lat'>;</span> <span class='ocrx_word' id='word_1_6' title='bbox 595 663 744 746; x_wconf 70' lang='lat' dir='ltr'>perierunt</span> <span class='ocrx_word' id='word_1_7' title='bbox 756 670 877 746; x_wconf 82' lang='lat' dir='ltr'>corporo</span> <span class='ocrx_word' id='word_1_8' title='bbox 893 660 1034 745; x_wconf 72' lang='lat' dir='ltr'>fratrum,</span> <span class='ocrx_word' id='word_1_9' title='bbox 1049 680 1100 723; x_wconf 86' lang='lat' dir='ltr'>scu</span> <span class='ocrx_word' id='word_1_10' title='bbox 1123 661 1248 723; x_wconf 90' lang='lat' dir='ltr'>istorum</span> <span class='ocrx_word' id='word_1_11' title='bbox 1270 661 1411 736; x_wconf 80' lang='lat' dir='ltr'>virorum,</span> <span class='ocrx_word' id='word_1_12' title='bbox 1425 682 1553 745; x_wconf 84' lang='lat' dir='ltr'>quorum</span> <span class='ocrx_word' id='word_1_13' title='bbox 1575 663 1683 725; x_wconf 85' lang='lat' dir='ltr'>virtute</span> 
     </span>
     <span class='ocr_line' id='line_1_3' title="bbox 399 760 1685 846; baseline -0.002 -19"><span class='ocrx_word' id='word_1_14' title='bbox 399 783 483 828; x_wconf 85' lang='lat' dir='ltr'>roma</span> <span class='ocrx_word' id='word_1_15' title='bbox 504 777 595 846; x_wconf 88' lang='lat' dir='ltr'>caput</span> <span class='ocrx_word' id='word_1_16' title='bbox 615 762 715 844; x_wconf 76' lang='lat' dir='ltr'>mundi</span> <span class='ocrx_word' id='word_1_17' title='bbox 739 775 811 824; x_wconf 91' lang='lat' dir='ltr'>erat.</span> <span class='ocrx_word' id='word_1_18' title='bbox 838 761 986 845; x_wconf 74' lang='lat' dir='ltr'>perierim!</span> <span class='ocrx_word' id='word_1_19' title='bbox 1012 769 1143 845; x_wconf 77' lang='lat' dir='ltr'>corporo,</span> <span class='ocrx_word' id='word_1_20' title='bbox 1164 761 1252 837; x_wconf 88' lang='lat' dir='ltr'>dico;</span> <span class='ocrx_word' id='word_1_21' title='bbox 1274 760 1369 845; x_wconf 73' lang='lat' dir='ltr'>jarim,</span> <span class='ocrx_word' id='word_1_22' title='bbox 1397 782 1450 823; x_wconf 90' lang='lat' dir='ltr'>seu</span> <span class='ocrx_word' id='word_1_23' title='bbox 1479 763 1610 845; x_wconf 88' lang='lat' dir='ltr'>ipsorum</span> <span class='ocrx_word' id='word_1_24' title='bbox 1635 764 1685 824; x_wconf 85' lang='lat' dir='ltr'>vi-</span> 
     </span>
     <span class='ocr_line' id='line_1_4' title="bbox 400 859 1684 947; baseline -0.005 -18"><span class='ocrx_word' id='word_1_25' title='bbox 400 884 512 941; x_wconf 84' lang='lat' dir='ltr'>torum,</span> <span class='ocrx_word' id='word_1_26' title='bbox 539 877 637 947; x_wconf 85' lang='lat' dir='ltr'>urget,</span> <span class='ocrx_word' id='word_1_27' title='bbox 665 863 740 925; x_wconf 78' lang='lat' dir='ltr'>idest</span> <span class='ocrx_word' id='word_1_28' title='bbox 767 876 942 945; x_wconf 82' lang='lat' dir='ltr'>superesset.</span> <span class='ocrx_word' id='word_1_29' title='bbox 969 894 990 909; x_wconf 92' lang='lat'>-</span> <span class='ocrx_word' id='word_1_30' title='bbox 1018 883 1069 925; x_wconf 85' lang='lat' dir='ltr'>nos</span> <span class='ocrx_word' id='word_1_31' title='bbox 1093 862 1195 933; x_wconf 76' lang='lat' dir='ltr'>dilato,</span> <span class='ocrx_word' id='word_1_32' title='bbox 1216 860 1293 924; x_wconf 87' lang='lat' dir='ltr'>idest</span> <span class='ocrx_word' id='word_1_33' title='bbox 1318 859 1482 945; x_wconf 70' lang='lat' dir='ltr'>presloloia,</span> <span class='ocrx_word' id='word_1_34' title='bbox 1504 861 1550 924; x_wconf 87' lang='lat' dir='ltr'>vel</span> <span class='ocrx_word' id='word_1_35' title='bbox 1581 861 1684 924; x_wconf 82' lang='lat' dir='ltr'>ultima</span> 
     </span>
     <span class='ocr_line' id='line_1_5' title="bbox 399 960 1682 1049; baseline -0.007 -18"><span class='ocrx_word' id='word_1_36' title='bbox 399 969 549 1043; x_wconf 86' lang='lat' dir='ltr'>iuventus,</span> <span class='ocrx_word' id='word_1_37' title='bbox 569 966 620 1049; x_wconf 88' lang='lat' dir='ltr'>qui</span> <span class='ocrx_word' id='word_1_38' title='bbox 643 965 673 1026; x_wconf 88' lang='lat' dir='ltr'>in</span> <span class='ocrx_word' id='word_1_39' title='bbox 694 977 814 1047; x_wconf 87' lang='lat' dir='ltr'>postero</span> <span class='ocrx_word' id='word_1_40' title='bbox 838 961 956 1025; x_wconf 86' lang='lat' dir='ltr'>deducti</span> <span class='ocrx_word' id='word_1_41' title='bbox 979 982 1092 1038; x_wconf 86' lang='lat' dir='ltr'>sumus,</span> <span class='ocrx_word' id='word_1_42' title='bbox 1108 963 1262 1047; x_wconf 81' lang='lat' dir='ltr'><em>spiramus,</em></span> <span class='ocrx_word' id='word_1_43' title='bbox 1284 961 1359 1023; x_wconf 89' lang='lat' dir='ltr'>idest</span> <span class='ocrx_word' id='word_1_44' title='bbox 1380 964 1526 1025; x_wconf 81' lang='lat' dir='ltr'>morimur</span> <span class='ocrx_word' id='word_1_45' title='bbox 1546 960 1682 1036; x_wconf 90' lang='lat' dir='ltr'>ludibrio,</span> 
     </span>
     <span class='ocr_line' id='line_1_6' title="bbox 400 1060 1686 1149; baseline -0.006 -19"><span class='ocrx_word' id='word_1_46' title='bbox 400 1067 476 1131; x_wconf 87' lang='lat' dir='ltr'>idest</span> <span class='ocrx_word' id='word_1_47' title='bbox 497 1087 514 1128; x_wconf 90' lang='lat' dir='ltr'>a</span> <span class='ocrx_word' id='word_1_48' title='bbox 534 1064 672 1139; x_wconf 79' lang='lat' dir='ltr'>dedecus,</span> <span class='ocrx_word' id='word_1_49' title='bbox 693 1064 762 1149; x_wconf 88' lang='lat' dir='ltr'>quia</span> <span class='ocrx_word' id='word_1_50' title='bbox 784 1061 893 1124; x_wconf 88' lang='lat' dir='ltr'>nullius</span> <span class='ocrx_word' id='word_1_51' title='bbox 915 1064 1031 1126; x_wconf 82' lang='lat' dir='ltr'>virtutis</span> <span class='ocrx_word' id='word_1_52' title='bbox 1053 1082 1164 1125; x_wconf 85' lang='lat' dir='ltr'>sumus.</span> <span class='ocrx_word' id='word_1_53' title='bbox 1196 1097 1217 1111; x_wconf 92' lang='lat'><strong>·</strong></span> <span class='ocrx_word' id='word_1_54' title='bbox 1237 1060 1285 1124; x_wconf 83' lang='lat' dir='ltr'>sni</span> <span class='ocrx_word' id='word_1_55' title='bbox 1306 1060 1391 1146; x_wconf 80' lang='lat' dir='ltr'>sorno</span> <span class='ocrx_word' id='word_1_56' title='bbox 1412 1062 1491 1131; x_wconf 80' lang='lat' dir='ltr'>intel,</span> <span class='ocrx_word' id='word_1_57' title='bbox 1512 1080 1565 1124; x_wconf 85' lang='lat' dir='ltr'>seu</span> <span class='ocrx_word' id='word_1_58' title='bbox 1587 1074 1686 1122; x_wconf 89' lang='lat' dir='ltr'>nostra</span> 
     </span>
     <span class='ocr_line' id='line_1_7' title="bbox 401 1156 1687 1250; baseline -0.007 -21"><span class='ocrx_word' id='word_1_59' title='bbox 401 1165 471 1250; x_wconf 87' lang='lat' dir='ltr'>quia</span> <span class='ocrx_word' id='word_1_60' title='bbox 491 1164 600 1249; x_wconf 84' lang='lat' dir='ltr'>congiti</span> <span class='ocrx_word' id='word_1_61' title='bbox 622 1164 688 1245; x_wconf 88' lang='lat' dir='ltr'>(sir)</span> <span class='ocrx_word' id='word_1_62' title='bbox 709 1183 831 1238; x_wconf 81' lang='lat' dir='ltr'>sumus3</span> <span class='ocrx_word' id='word_1_63' title='bbox 846 1160 1033 1246; x_wconf 81' lang='lat' dir='ltr'>tenebrisque</span> <span class='ocrx_word' id='word_1_64' title='bbox 1047 1160 1161 1244; x_wconf 74' lang='lat' dir='ltr'>sepulte</span> <span class='ocrx_word' id='word_1_65' title='bbox 1180 1176 1225 1222; x_wconf 89' lang='lat' dir='ltr'>est</span> <span class='ocrx_word' id='word_1_66' title='bbox 1244 1159 1296 1223; x_wconf 85' lang='lat' dir='ltr'>sed</span> <span class='ocrx_word' id='word_1_67' title='bbox 1311 1175 1410 1222; x_wconf 88' lang='lat' dir='ltr'>nostra</span> <span class='ocrx_word' id='word_1_68' title='bbox 1425 1158 1502 1221; x_wconf 84' lang='lat' dir='ltr'>fama</span> <span class='ocrx_word' id='word_1_69' title='bbox 1522 1158 1578 1221; x_wconf 90' lang='lat' dir='ltr'>sub</span> <span class='ocrx_word' id='word_1_70' title='bbox 1593 1156 1687 1234; x_wconf 86' lang='lat' dir='ltr'>nobis,</span> 
     </span>
     <span class='ocr_line' id='line_1_8' title="bbox 401 1257 1687 1346; baseline -0.008 -17"><span class='ocrx_word' id='word_1_71' title='bbox 401 1266 478 1329; x_wconf 86' lang='lat' dir='ltr'>idest</span> <span class='ocrx_word' id='word_1_72' title='bbox 497 1263 554 1328; x_wconf 90' lang='lat' dir='ltr'>sub</span> <span class='ocrx_word' id='word_1_73' title='bbox 574 1264 707 1326; x_wconf 87' lang='lat' dir='ltr'>dominio</span> <span class='ocrx_word' id='word_1_74' title='bbox 728 1283 762 1325; x_wconf 90' lang='lat' dir='ltr'>ac</span> <span class='ocrx_word' id='word_1_75' title='bbox 778 1263 921 1346; x_wconf 84' lang='lat' dir='ltr'>regimine</span> <span class='ocrx_word' id='word_1_76' title='bbox 937 1276 1048 1337; x_wconf 89' lang='lat' dir='ltr'>nostro,</span> <span class='ocrx_word' id='word_1_77' title='bbox 1068 1260 1184 1324; x_wconf 89' lang='lat' dir='ltr'>lortuna</span> <span class='ocrx_word' id='word_1_78' title='bbox 1198 1259 1315 1337; x_wconf 83' lang='lat' dir='ltr'>domus,</span> <span class='ocrx_word' id='word_1_79' title='bbox 1330 1260 1405 1322; x_wconf 81' lang='lat' dir='ltr'>idest</span> <span class='ocrx_word' id='word_1_80' title='bbox 1419 1278 1557 1342; x_wconf 86' lang='lat' dir='ltr'>prospera</span> <span class='ocrx_word' id='word_1_81' title='bbox 1571 1257 1687 1321; x_wconf 84' lang='lat' dir='ltr'>fortuna</span> 
     </span>
     <span class='ocr_line' id='line_1_9' title="bbox 403 1358 1688 1440; baseline -0.009 -7"><span class='ocrx_word' id='word_1_82' title='bbox 403 1383 434 1433; x_wconf 89' lang='lat' dir='ltr'>et</span> <span class='ocrx_word' id='word_1_83' title='bbox 454 1366 523 1430; x_wconf 80' lang='lat' dir='ltr'>felix</span> <span class='ocrx_word' id='word_1_84' title='bbox 544 1366 625 1429; x_wconf 87' lang='lat' dir='ltr'>urbis</span> <span class='ocrx_word' id='word_1_85' title='bbox 653 1383 746 1439; x_wconf 87' lang='lat' dir='ltr'>rome,</span> <span class='ocrx_word' id='word_1_86' title='bbox 774 1377 888 1424; x_wconf 87' lang='lat' dir='ltr'>mutata</span> <span class='ocrx_word' id='word_1_87' title='bbox 919 1376 983 1439; x_wconf 81' lang='lat' dir='ltr'>est3</span> <span class='ocrx_word' id='word_1_88' title='bbox 1011 1376 1057 1424; x_wconf 89' lang='lat' dir='ltr'>tot</span> <span class='ocrx_word' id='word_1_89' title='bbox 1087 1361 1171 1422; x_wconf 87' lang='lat' dir='ltr'>anuis</span> <span class='ocrx_word' id='word_1_90' title='bbox 1201 1358 1360 1423; x_wconf 89' lang='lat' dir='ltr'>incolumis</span> <span class='ocrx_word' id='word_1_91' title='bbox 1391 1358 1509 1422; x_wconf 86' lang='lat' dir='ltr'>fortuna</span> <span class='ocrx_word' id='word_1_92' title='bbox 1530 1379 1600 1421; x_wconf 87' lang='lat' dir='ltr'>rena</span> <span class='ocrx_word' id='word_1_93' title='bbox 1623 1359 1688 1440; x_wconf 84' lang='lat' dir='ltr'>(sic)</span> 
     </span>
     <span class='ocr_line' id='line_1_10' title="bbox 402 1450 1688 1545; baseline -0.01 -12"><span class='ocrx_word' id='word_1_94' title='bbox 402 1468 511 1534; x_wconf 85' lang='lat' dir='ltr'>accidit</span> <span class='ocrx_word' id='word_1_95' title='bbox 531 1464 587 1529; x_wconf 90' lang='lat' dir='ltr'>sub</span> <span class='ocrx_word' id='word_1_96' title='bbox 608 1462 702 1539; x_wconf 91' lang='lat' dir='ltr'>nobis,</span> <span class='ocrx_word' id='word_1_97' title='bbox 717 1483 776 1525; x_wconf 94' lang='lat' dir='ltr'>non</span> <span class='ocrx_word' id='word_1_98' title='bbox 799 1482 883 1545; x_wconf 81' lang='lat' dir='ltr'>passa</span> <span class='ocrx_word' id='word_1_99' title='bbox 904 1450 1020 1524; x_wconf 87' lang='lat' dir='ltr'>nostros</span> <span class='ocrx_word' id='word_1_100' title='bbox 1043 1460 1165 1536; x_wconf 82' lang='lat' dir='ltr'>furores,</span> <span class='ocrx_word' id='word_1_101' title='bbox 1179 1461 1254 1523; x_wconf 89' lang='lat' dir='ltr'>idest</span> <span class='ocrx_word' id='word_1_102' title='bbox 1274 1475 1390 1523; x_wconf 87' lang='lat' dir='ltr'>nostros</span> <span class='ocrx_word' id='word_1_103' title='bbox 1411 1460 1526 1521; x_wconf 86' lang='lat' dir='ltr'>animos</span> <span class='ocrx_word' id='word_1_104' title='bbox 1539 1458 1688 1521; x_wconf 78' lang='lat' dir='ltr'>discordes</span> 
     </span>
     <span class='ocr_line' id='line_1_11' title="bbox 404 1558 1690 1653; baseline -0.01 -21"><span class='ocrx_word' id='word_1_105' title='bbox 404 1590 439 1632; x_wconf 81' lang='lat' dir='ltr'>ac</span> <span class='ocrx_word' id='word_1_106' title='bbox 460 1586 623 1653; x_wconf 84' lang='lat' dir='ltr'>perversos.</span> <span class='ocrx_word' id='word_1_107' title='bbox 645 1600 665 1612; x_wconf 93' lang='lat'>-</span> <span class='ocrx_word' id='word_1_108' title='bbox 692 1562 739 1625; x_wconf 82' lang='lat' dir='ltr'>lrrc</span> <span class='ocrx_word' id='word_1_109' title='bbox 765 1562 873 1634; x_wconf 75' lang='lat' dir='ltr'>doinus,</span> <span class='ocrx_word' id='word_1_110' title='bbox 894 1561 968 1626; x_wconf 88' lang='lat' dir='ltr'>idest</span> <span class='ocrx_word' id='word_1_111' title='bbox 995 1559 1168 1646; x_wconf 84' lang='lat' dir='ltr'>capitolium</span> <span class='ocrx_word' id='word_1_112' title='bbox 1196 1576 1226 1623; x_wconf 85' lang='lat' dir='ltr'>et</span> <span class='ocrx_word' id='word_1_113' title='bbox 1247 1575 1310 1623; x_wconf 87' lang='lat' dir='ltr'>tota</span> <span class='ocrx_word' id='word_1_114' title='bbox 1332 1580 1452 1622; x_wconf 82' lang='lat' dir='ltr'>ronmua</span> <span class='ocrx_word' id='word_1_115' title='bbox 1480 1559 1621 1642; x_wconf 87' lang='lat' dir='ltr'>potentia.</span> <span class='ocrx_word' id='word_1_116' title='bbox 1643 1558 1690 1620; x_wconf 82' lang='lat' dir='ltr'>lrrc</span> 
     </span>
     <span class='ocr_line' id='line_1_12' title="bbox 404 1657 1689 1745; baseline -0.006 -16"><span class='ocrx_word' id='word_1_117' title='bbox 404 1668 513 1738; x_wconf 82' lang='lat' dir='ltr'>dornrrs,</span> <span class='ocrx_word' id='word_1_118' title='bbox 534 1683 587 1727; x_wconf 89' lang='lat' dir='ltr'>seu</span> <span class='ocrx_word' id='word_1_119' title='bbox 608 1660 791 1745; x_wconf 88' lang='lat' dir='ltr'>capitolium,</span> <span class='ocrx_word' id='word_1_120' title='bbox 814 1662 976 1745; x_wconf 77' lang='lat' dir='ltr'>reparanda</span> <span class='ocrx_word' id='word_1_121' title='bbox 997 1668 1037 1723; x_wconf 79' lang='lat' dir='ltr'>esi</span> <span class='ocrx_word' id='word_1_122' title='bbox 1057 1659 1155 1744; x_wconf 68' lang='lat' dir='ltr'>moiri,</span> <span class='ocrx_word' id='word_1_123' title='bbox 1169 1661 1243 1723; x_wconf 84' lang='lat' dir='ltr'>idest</span> <span class='ocrx_word' id='word_1_124' title='bbox 1259 1680 1357 1737; x_wconf 86' lang='lat' dir='ltr'>rome;</span> <span class='ocrx_word' id='word_1_125' title='bbox 1372 1659 1416 1720; x_wconf 83' lang='lat' dir='ltr'>nil</span> <span class='ocrx_word' id='word_1_126' title='bbox 1434 1660 1547 1743; x_wconf 77' lang='lat' dir='ltr'>gratius</span> <span class='ocrx_word' id='word_1_127' title='bbox 1567 1657 1623 1742; x_wconf 73' lang='lat' dir='ltr'>illp&#39;,</span> <span class='ocrx_word' id='word_1_128' title='bbox 1637 1679 1689 1721; x_wconf 88' lang='lat' dir='ltr'>seu</span> 
     </span>
     <span class='ocr_line' id='line_1_13' title="bbox 405 1759 1691 1849; baseline -0.008 -19"><span class='ocrx_word' id='word_1_129' title='bbox 405 1766 491 1849; x_wconf 70' lang='lat' dir='ltr'>matri</span> <span class='ocrx_word' id='word_1_130' title='bbox 515 1784 597 1827; x_wconf 87' lang='lat' dir='ltr'>rome</span> <span class='ocrx_word' id='word_1_131' title='bbox 618 1764 683 1837; x_wconf 87' lang='lat' dir='ltr'>erit,</span> <span class='ocrx_word' id='word_1_132' title='bbox 698 1762 728 1823; x_wconf 90' lang='lat' dir='ltr'>ni</span> <span class='ocrx_word' id='word_1_133' title='bbox 749 1759 834 1843; x_wconf 76' lang='lat' dir='ltr'>(pror</span> <span class='ocrx_word' id='word_1_134' title='bbox 850 1762 921 1844; x_wconf 83' lang='lat' dir='ltr'>nisi)</span> <span class='ocrx_word' id='word_1_135' title='bbox 942 1762 1095 1844; x_wconf 81' lang='lat' dir='ltr'>aspiceret,</span> <span class='ocrx_word' id='word_1_136' title='bbox 1114 1759 1191 1823; x_wconf 85' lang='lat' dir='ltr'>idest</span> <span class='ocrx_word' id='word_1_137' title='bbox 1211 1762 1284 1843; x_wconf 87' lang='lat' dir='ltr'>ipsa,</span> <span class='ocrx_word' id='word_1_138' title='bbox 1304 1778 1494 1822; x_wconf 87' lang='lat' dir='ltr'>romanorum</span> <span class='ocrx_word' id='word_1_139' title='bbox 1517 1773 1602 1822; x_wconf 84' lang='lat' dir='ltr'>natos</span> <span class='ocrx_word' id='word_1_140' title='bbox 1622 1779 1691 1821; x_wconf 88' lang='lat' dir='ltr'>con·</span> 
     </span>
     <span class='ocr_line' id='line_1_14' title="bbox 405 1858 1690 1949; baseline -0.007 -20"><span class='ocrx_word' id='word_1_141' title='bbox 405 1884 536 1949; x_wconf 78' lang='lat' dir='ltr'>surgere,</span> <span class='ocrx_word' id='word_1_142' title='bbox 557 1863 633 1926; x_wconf 88' lang='lat' dir='ltr'>idest</span> <span class='ocrx_word' id='word_1_143' title='bbox 653 1863 765 1945; x_wconf 84' lang='lat' dir='ltr'>priscos</span> <span class='ocrx_word' id='word_1_144' title='bbox 780 1876 809 1923; x_wconf 90' lang='lat' dir='ltr'>et</span> <span class='ocrx_word' id='word_1_145' title='bbox 823 1863 960 1946; x_wconf 90' lang='lat' dir='ltr'>antiquos</span> <span class='ocrx_word' id='word_1_146' title='bbox 974 1862 1054 1923; x_wconf 80' lang='lat' dir='ltr'>siros</span> <span class='ocrx_word' id='word_1_147' title='bbox 1069 1859 1197 1923; x_wconf 79' lang='lat' dir='ltr'>illustres</span> <span class='ocrx_word' id='word_1_148' title='bbox 1213 1880 1360 1935; x_wconf 89' lang='lat' dir='ltr'>romanos,</span> <span class='ocrx_word' id='word_1_149' title='bbox 1373 1880 1449 1943; x_wconf 93' lang='lat' dir='ltr'>quos</span> <span class='ocrx_word' id='word_1_150' title='bbox 1463 1858 1520 1921; x_wconf 81' lang='lat' dir='ltr'>lata</span> <span class='ocrx_word' id='word_1_151' title='bbox 1543 1872 1690 1942; x_wconf 80' lang='lat' dir='ltr'>premunt,</span> 
     </span>
     <span class='ocr_line' id='line_1_15' title="bbox 399 1958 1690 2050; baseline -0.003 -27"><span class='ocrx_word' id='word_1_152' title='bbox 399 1965 506 2050; x_wconf 68' lang='lat' dir='ltr'>sraelis</span> <span class='ocrx_word' id='word_1_153' title='bbox 526 1962 633 2035; x_wconf 78' lang='lat' dir='ltr'>lustris,</span> <span class='ocrx_word' id='word_1_154' title='bbox 655 1961 729 2023; x_wconf 87' lang='lat' dir='ltr'>idest</span> <span class='ocrx_word' id='word_1_155' title='bbox 750 1960 889 2037; x_wconf 83' lang='lat' dir='ltr'>disruptis</span> <span class='ocrx_word' id='word_1_156' title='bbox 910 1976 1029 2044; x_wconf 83' lang='lat' dir='ltr'>propter</span> <span class='ocrx_word' id='word_1_157' title='bbox 1048 1961 1265 2045; x_wconf 83' lang='lat' dir='ltr'>antiquitatem.</span> <span class='ocrx_word' id='word_1_158' title='bbox 1293 1961 1375 2043; x_wconf 91' lang='lat' dir='ltr'>quasi</span> <span class='ocrx_word' id='word_1_159' title='bbox 1396 1958 1494 2021; x_wconf 86' lang='lat' dir='ltr'>dicat:</span> <span class='ocrx_word' id='word_1_160' title='bbox 1517 1958 1557 2022; x_wconf 90' lang='lat' dir='ltr'>nil</span> <span class='ocrx_word' id='word_1_161' title='bbox 1579 1961 1690 2041; x_wconf 80' lang='lat' dir='ltr'>gratius</span> 
     </span>
     <span class='ocr_line' id='line_1_16' title="bbox 404 2055 1690 2145; baseline -0.004 -21"><span class='ocrx_word' id='word_1_162' title='bbox 404 2077 482 2125; x_wconf 83' lang='lat' dir='ltr'>esset</span> <span class='ocrx_word' id='word_1_163' title='bbox 502 2062 588 2145; x_wconf 73' lang='lat' dir='ltr'>matri</span> <span class='ocrx_word' id='word_1_164' title='bbox 611 2081 700 2145; x_wconf 89' lang='lat' dir='ltr'>quam</span> <span class='ocrx_word' id='word_1_165' title='bbox 724 2079 856 2143; x_wconf 85' lang='lat' dir='ltr'>reparare</span> <span class='ocrx_word' id='word_1_166' title='bbox 884 2058 960 2122; x_wconf 88' lang='lat' dir='ltr'>hanc</span> <span class='ocrx_word' id='word_1_167' title='bbox 987 2059 1122 2135; x_wconf 87' lang='lat' dir='ltr'>domum,</span> <span class='ocrx_word' id='word_1_168' title='bbox 1144 2073 1268 2143; x_wconf 83' lang='lat' dir='ltr'>excepto</span> <span class='ocrx_word' id='word_1_169' title='bbox 1295 2079 1384 2143; x_wconf 82' lang='lat' dir='ltr'>quam</span> <span class='ocrx_word' id='word_1_170' title='bbox 1407 2061 1519 2140; x_wconf 81' lang='lat' dir='ltr'>gratius</span> <span class='ocrx_word' id='word_1_171' title='bbox 1540 2072 1617 2120; x_wconf 86' lang='lat' dir='ltr'>esset</span> <span class='ocrx_word' id='word_1_172' title='bbox 1637 2055 1690 2134; x_wconf 90' lang='lat' dir='ltr'>illi,</span> 
     </span>
     <span class='ocr_line' id='line_1_17' title="bbox 405 2158 1691 2245; baseline -0.004 -21"><span class='ocrx_word' id='word_1_173' title='bbox 405 2163 429 2225; x_wconf 94' lang='lat' dir='ltr'>si</span> <span class='ocrx_word' id='word_1_174' title='bbox 451 2159 590 2245; x_wconf 88' lang='lat' dir='ltr'>possibile</span> <span class='ocrx_word' id='word_1_175' title='bbox 611 2176 688 2222; x_wconf 79' lang='lat' dir='ltr'>esset</span> <span class='ocrx_word' id='word_1_176' title='bbox 718 2175 803 2222; x_wconf 86' lang='lat' dir='ltr'>natos</span> <span class='ocrx_word' id='word_1_177' title='bbox 834 2160 1014 2242; x_wconf 85' lang='lat' dir='ltr'>conspicere,</span> <span class='ocrx_word' id='word_1_178' title='bbox 1036 2159 1110 2221; x_wconf 86' lang='lat' dir='ltr'>idest</span> <span class='ocrx_word' id='word_1_179' title='bbox 1143 2160 1333 2220; x_wconf 78' lang='lat' dir='ltr'>reuirescere.</span> <span class='ocrx_word' id='word_1_180' title='bbox 1357 2192 1371 2206; x_wconf 94' lang='lat'><strong>·</strong></span> <span class='ocrx_word' id='word_1_181' title='bbox 1399 2163 1425 2220; x_wconf 80' lang='lat' dir='ltr'>el</span> <span class='ocrx_word' id='word_1_182' title='bbox 1451 2163 1576 2241; x_wconf 78' lang='lat' dir='ltr'>terrrpom</span> <span class='ocrx_word' id='word_1_183' title='bbox 1595 2158 1691 2241; x_wconf 79' lang='lat' dir='ltr'>prisco</span> 
     </span>
     <span class='ocr_line' id='line_1_18' title="bbox 405 2256 1691 2333; baseline -0.003 -11"><span class='ocrx_word' id='word_1_184' title='bbox 405 2269 553 2326; x_wconf 65' lang='lat' dir='ltr'>«averrere.</span> <span class='ocrx_word' id='word_1_185' title='bbox 564 2296 575 2309; x_wconf 94' lang='lat'><strong>·</strong></span> <span class='ocrx_word' id='word_1_186' title='bbox 585 2259 674 2322; x_wconf 79' lang='lat' dir='ltr'>Milia</span> <span class='ocrx_word' id='word_1_187' title='bbox 692 2267 758 2322; x_wconf 82' lang='lat' dir='ltr'>sunl</span> <span class='ocrx_word' id='word_1_188' title='bbox 778 2258 942 2320; x_wconf 79' lang='lat' dir='ltr'>lrornirmm:</span> <span class='ocrx_word' id='word_1_189' title='bbox 957 2259 1049 2321; x_wconf 89' lang='lat' dir='ltr'>multa</span> <span class='ocrx_word' id='word_1_190' title='bbox 1065 2259 1146 2321; x_wconf 89' lang='lat' dir='ltr'>milia</span> <span class='ocrx_word' id='word_1_191' title='bbox 1160 2273 1229 2320; x_wconf 88' lang='lat' dir='ltr'>sunt</span> <span class='ocrx_word' id='word_1_192' title='bbox 1242 2257 1400 2320; x_wconf 91' lang='lat' dir='ltr'>hominum</span> <span class='ocrx_word' id='word_1_193' title='bbox 1414 2272 1444 2320; x_wconf 87' lang='lat' dir='ltr'>et</span> <span class='ocrx_word' id='word_1_194' title='bbox 1457 2259 1531 2319; x_wconf 80' lang='lat' dir='ltr'>citra</span> <span class='ocrx_word' id='word_1_195' title='bbox 1545 2256 1691 2333; x_wconf 80' lang='lat' dir='ltr'>homines,</span> 
     </span>
     <span class='ocr_line' id='line_1_19' title="bbox 405 2356 1690 2430; baseline -0.004 -7"><span class='ocrx_word' id='word_1_196' title='bbox 405 2360 500 2423; x_wconf 87' lang='lat' dir='ltr'>multe</span> <span class='ocrx_word' id='word_1_197' title='bbox 519 2374 589 2422; x_wconf 87' lang='lat' dir='ltr'>sunt</span> <span class='ocrx_word' id='word_1_198' title='bbox 610 2357 892 2422; x_wconf 76' lang='lat' dir='ltr'>circumvolutiones</span> <span class='ocrx_word' id='word_1_199' title='bbox 920 2366 950 2420; x_wconf 79' lang='lat' dir='ltr'>et</span> <span class='ocrx_word' id='word_1_200' title='bbox 977 2358 1153 2421; x_wconf 81' lang='lat' dir='ltr'>ambitiones</span> <span class='ocrx_word' id='word_1_201' title='bbox 1181 2374 1259 2420; x_wconf 89' lang='lat' dir='ltr'>sunt.</span> <span class='ocrx_word' id='word_1_202' title='bbox 1281 2393 1300 2405; x_wconf 95' lang='lat'>-</span> <span class='ocrx_word' id='word_1_203' title='bbox 1328 2357 1411 2420; x_wconf 85' lang='lat' dir='ltr'>milio</span> <span class='ocrx_word' id='word_1_204' title='bbox 1438 2356 1517 2419; x_wconf 79' lang='lat' dir='ltr'>mille</span> <span class='ocrx_word' id='word_1_205' title='bbox 1544 2376 1690 2430; x_wconf 83' lang='lat' dir='ltr'>curarum,</span> 
     </span>
     <span class='ocr_line' id='line_1_20' title="bbox 404 2456 1691 2542; baseline -0.002 -21"><span class='ocrx_word' id='word_1_206' title='bbox 404 2479 457 2521; x_wconf 89' lang='lat' dir='ltr'>seu</span> <span class='ocrx_word' id='word_1_207' title='bbox 478 2472 548 2521; x_wconf 92' lang='lat' dir='ltr'>sunt</span> <span class='ocrx_word' id='word_1_208' title='bbox 575 2456 731 2519; x_wconf 86' lang='lat' dir='ltr'>homiuum</span> <span class='ocrx_word' id='word_1_209' title='bbox 761 2473 790 2519; x_wconf 89' lang='lat' dir='ltr'>et</span> <span class='ocrx_word' id='word_1_210' title='bbox 817 2456 911 2519; x_wconf 86' lang='lat' dir='ltr'>multa</span> <span class='ocrx_word' id='word_1_211' title='bbox 939 2478 1047 2541; x_wconf 83' lang='lat' dir='ltr'>genera</span> <span class='ocrx_word' id='word_1_212' title='bbox 1068 2479 1206 2520; x_wconf 77' lang='lat' dir='ltr'>curarum</span> <span class='ocrx_word' id='word_1_213' title='bbox 1227 2479 1410 2542; x_wconf 79' lang='lat' dir='ltr'>supervacua</span> <span class='ocrx_word' id='word_1_214' title='bbox 1434 2471 1504 2519; x_wconf 88' lang='lat' dir='ltr'>sunt</span> <span class='ocrx_word' id='word_1_215' title='bbox 1524 2456 1691 2519; x_wconf 89' lang='lat' dir='ltr'>hominum.</span> 
     </span>
     <span class='ocr_line' id='line_1_21' title="bbox 404 2554 1691 2642; baseline -0.002 -21"><span class='ocrx_word' id='word_1_216' title='bbox 404 2557 463 2621; x_wconf 91' lang='lat' dir='ltr'>hoc</span> <span class='ocrx_word' id='word_1_217' title='bbox 484 2557 555 2620; x_wconf 89' lang='lat' dir='ltr'>dicit</span> <span class='ocrx_word' id='word_1_218' title='bbox 577 2558 695 2639; x_wconf 82' lang='lat' dir='ltr'>Apitius</span> <span class='ocrx_word' id='word_1_219' title='bbox 722 2555 857 2619; x_wconf 88' lang='lat' dir='ltr'>deridens</span> <span class='ocrx_word' id='word_1_220' title='bbox 885 2556 962 2618; x_wconf 90' lang='lat' dir='ltr'>dicta</span> <span class='ocrx_word' id='word_1_221' title='bbox 990 2556 1086 2620; x_wconf 86' lang='lat' dir='ltr'>fratris</span> <span class='ocrx_word' id='word_1_222' title='bbox 1113 2559 1157 2639; x_wconf 76' lang='lat' dir='ltr'>suj</span> <span class='ocrx_word' id='word_1_223' title='bbox 1187 2560 1297 2641; x_wconf 73' lang='lat' dir='ltr'>Martii,</span> <span class='ocrx_word' id='word_1_224' title='bbox 1318 2560 1386 2642; x_wconf 89' lang='lat' dir='ltr'>quia</span> <span class='ocrx_word' id='word_1_225' title='bbox 1413 2558 1532 2620; x_wconf 81' lang='lat' dir='ltr'>ridetur</span> <span class='ocrx_word' id='word_1_226' title='bbox 1558 2558 1584 2619; x_wconf 86' lang='lat' dir='ltr'>ei</span> <span class='ocrx_word' id='word_1_227' title='bbox 1611 2554 1691 2640; x_wconf 89' lang='lat' dir='ltr'>quod</span> 
     </span>
     <span class='ocr_line' id='line_1_22' title="bbox 405 2656 1692 2741; baseline 0 -23"><span class='ocrx_word' id='word_1_228' title='bbox 405 2677 438 2719; x_wconf 84' lang='lat' dir='ltr'>ea</span> <span class='ocrx_word' id='word_1_229' title='bbox 459 2675 519 2739; x_wconf 86' lang='lat' dir='ltr'>que</span> <span class='ocrx_word' id='word_1_230' title='bbox 540 2658 671 2740; x_wconf 88' lang='lat' dir='ltr'>loquitur</span> <span class='ocrx_word' id='word_1_231' title='bbox 692 2657 814 2717; x_wconf 78' lang='lat' dir='ltr'>martius</span> <span class='ocrx_word' id='word_1_232' title='bbox 835 2658 893 2717; x_wconf 89' lang='lat' dir='ltr'>sint</span> <span class='ocrx_word' id='word_1_233' title='bbox 921 2677 1101 2739; x_wconf 77' lang='lat' dir='ltr'>supervacua</span> <span class='ocrx_word' id='word_1_234' title='bbox 1130 2672 1159 2719; x_wconf 91' lang='lat' dir='ltr'>et</span> <span class='ocrx_word' id='word_1_235' title='bbox 1180 2657 1293 2732; x_wconf 79' lang='lat' dir='ltr'>futilia3</span> <span class='ocrx_word' id='word_1_236' title='bbox 1323 2658 1390 2720; x_wconf 89' lang='lat' dir='ltr'>ideo</span> <span class='ocrx_word' id='word_1_237' title='bbox 1417 2656 1547 2719; x_wconf 86' lang='lat' dir='ltr'>addidit:</span> <span class='ocrx_word' id='word_1_238' title='bbox 1576 2657 1692 2741; x_wconf 79' lang='lat' dir='ltr'>quisque</span> 
     </span>
     <span class='ocr_line' id='line_1_23' title="bbox 403 2754 1691 2841; baseline -0.001 -24"><span class='ocrx_word' id='word_1_239' title='bbox 403 2754 461 2840; x_wconf 79' lang='lat' dir='ltr'>silj</span> <span class='ocrx_word' id='word_1_240' title='bbox 480 2757 601 2840; x_wconf 81' lang='lat' dir='ltr'>sapiens,</span> <span class='ocrx_word' id='word_1_241' title='bbox 623 2776 675 2818; x_wconf 90' lang='lat' dir='ltr'>seu</span> <span class='ocrx_word' id='word_1_242' title='bbox 697 2755 814 2817; x_wconf 85' lang='lat' dir='ltr'>ridetur</span> <span class='ocrx_word' id='word_1_243' title='bbox 834 2754 898 2827; x_wconf 88' lang='lat' dir='ltr'>sibi,</span> <span class='ocrx_word' id='word_1_244' title='bbox 924 2776 992 2819; x_wconf 90' lang='lat' dir='ltr'>cum</span> <span class='ocrx_word' id='word_1_245' title='bbox 1014 2757 1143 2819; x_wconf 88' lang='lat' dir='ltr'>nonsit.</span> <span class='ocrx_word' id='word_1_246' title='bbox 1164 2793 1184 2804; x_wconf 96' lang='lat'><em>-</em></span> <span class='ocrx_word' id='word_1_247' title='bbox 1206 2758 1279 2820; x_wconf 78' lang='lat' dir='ltr'>surde</span> <span class='ocrx_word' id='word_1_248' title='bbox 1300 2758 1346 2819; x_wconf 76' lang='lat' dir='ltr'>lieo</span> <span class='ocrx_word' id='word_1_249' title='bbox 1367 2756 1419 2819; x_wconf 84' lang='lat' dir='ltr'>lili</span> <span class='ocrx_word' id='word_1_250' title='bbox 1433 2757 1539 2841; x_wconf 76' lang='lat' dir='ltr'>frater,</span> <span class='ocrx_word' id='word_1_251' title='bbox 1562 2776 1613 2818; x_wconf 87' lang='lat' dir='ltr'>seu</span> <span class='ocrx_word' id='word_1_252' title='bbox 1635 2775 1691 2816; x_wconf 79' lang='lat' dir='ltr'>se·</span> 
     </span>
     <span class='ocr_line' id='line_1_24' title="bbox 404 2852 1690 2940; baseline -0.001 -23"><span class='ocrx_word' id='word_1_253' title='bbox 404 2856 515 2917; x_wconf 76' lang='lat' dir='ltr'>alunt?</span> <span class='ocrx_word' id='word_1_254' title='bbox 535 2855 640 2938; x_wconf 86' lang='lat' dir='ltr'>ingens</span> <span class='ocrx_word' id='word_1_255' title='bbox 668 2852 751 2916; x_wconf 83' lang='lat' dir='ltr'>labor</span> <span class='ocrx_word' id='word_1_256' title='bbox 774 2869 819 2916; x_wconf 87' lang='lat' dir='ltr'>est</span> <span class='ocrx_word' id='word_1_257' title='bbox 846 2853 979 2917; x_wconf 79' lang='lat' dir='ltr'>mortalis</span> <span class='ocrx_word' id='word_1_258' title='bbox 1007 2855 1116 2939; x_wconf 89' lang='lat' dir='ltr'>pellere</span> <span class='ocrx_word' id='word_1_259' title='bbox 1143 2858 1334 2940; x_wconf 87' lang='lat' dir='ltr'>pauperiem;</span> <span class='ocrx_word' id='word_1_260' title='bbox 1362 2857 1421 2938; x_wconf 82' lang='lat' dir='ltr'>cuj,</span> <span class='ocrx_word' id='word_1_261' title='bbox 1443 2876 1494 2917; x_wconf 90' lang='lat' dir='ltr'>seu</span> <span class='ocrx_word' id='word_1_262' title='bbox 1523 2853 1615 2917; x_wconf 91' lang='lat' dir='ltr'>labori</span> <span class='ocrx_word' id='word_1_263' title='bbox 1644 2852 1690 2916; x_wconf 87' lang='lat' dir='ltr'>vel</span> 
     </span>
     <span class='ocr_line' id='line_1_25' title="bbox 404 2954 1691 3041; baseline 0.001 -27"><span class='ocrx_word' id='word_1_264' title='bbox 404 2954 565 3037; x_wconf 77' lang='lat' dir='ltr'>pauperiei,</span> <span class='ocrx_word' id='word_1_265' title='bbox 586 2974 738 3038; x_wconf 85' lang='lat' dir='ltr'>nunquam</span> <span class='ocrx_word' id='word_1_266' title='bbox 759 2956 842 3038; x_wconf 89' lang='lat' dir='ltr'>quies</span> <span class='ocrx_word' id='word_1_267' title='bbox 873 2955 1015 3037; x_wconf 87' lang='lat' dir='ltr'>speranda</span> <span class='ocrx_word' id='word_1_268' title='bbox 1037 2970 1091 3018; x_wconf 86' lang='lat' dir='ltr'>est.</span> <span class='ocrx_word' id='word_1_269' title='bbox 1113 2958 1197 3041; x_wconf 89' lang='lat' dir='ltr'>quasi</span> <span class='ocrx_word' id='word_1_270' title='bbox 1217 2956 1316 3019; x_wconf 85' lang='lat' dir='ltr'>dicat:</span> <span class='ocrx_word' id='word_1_271' title='bbox 1338 2976 1393 3019; x_wconf 91' lang='lat' dir='ltr'>nos</span> <span class='ocrx_word' id='word_1_272' title='bbox 1421 2975 1563 3039; x_wconf 86' lang='lat' dir='ltr'>pauperes</span> <span class='ocrx_word' id='word_1_273' title='bbox 1587 2973 1691 3016; x_wconf 90' lang='lat' dir='ltr'>sumus</span> 
     </span>
     <span class='ocr_line' id='line_1_26' title="bbox 403 3054 1691 3143; baseline 0 -29"><span class='ocrx_word' id='word_1_274' title='bbox 403 3066 434 3115; x_wconf 87' lang='lat' dir='ltr'>et</span> <span class='ocrx_word' id='word_1_275' title='bbox 461 3054 512 3114; x_wconf 86' lang='lat' dir='ltr'>vix</span> <span class='ocrx_word' id='word_1_276' title='bbox 540 3072 698 3136; x_wconf 89' lang='lat' dir='ltr'>possumus</span> <span class='ocrx_word' id='word_1_277' title='bbox 725 3054 825 3116; x_wconf 80' lang='lat' dir='ltr'>vivere</span> <span class='ocrx_word' id='word_1_278' title='bbox 853 3068 882 3115; x_wconf 86' lang='lat' dir='ltr'>et</span> <span class='ocrx_word' id='word_1_279' title='bbox 909 3068 942 3116; x_wconf 91' lang='lat' dir='ltr'>tu</span> <span class='ocrx_word' id='word_1_280' title='bbox 970 3056 1100 3143; x_wconf 84' lang='lat' dir='ltr'>consulis</span> <span class='ocrx_word' id='word_1_281' title='bbox 1128 3076 1188 3118; x_wconf 89' lang='lat' dir='ltr'>non</span> <span class='ocrx_word' id='word_1_282' title='bbox 1216 3076 1351 3140; x_wconf 84' lang='lat' dir='ltr'>reparare</span> <span class='ocrx_word' id='word_1_283' title='bbox 1378 3055 1502 3118; x_wconf 91' lang='lat' dir='ltr'>domum</span> <span class='ocrx_word' id='word_1_284' title='bbox 1530 3055 1691 3116; x_wconf 82' lang='lat' dir='ltr'>maximam</span> 
     </span>
     <span class='ocr_line' id='line_1_27' title="bbox 403 3141 1692 3240; baseline -0.002 -27"><span class='ocrx_word' id='word_1_285' title='bbox 403 3166 435 3214; x_wconf 87' lang='lat' dir='ltr'>et</span> <span class='ocrx_word' id='word_1_286' title='bbox 454 3151 635 3235; x_wconf 85' lang='lat' dir='ltr'>decrepitam</span> <span class='ocrx_word' id='word_1_287' title='bbox 657 3155 759 3215; x_wconf 89' lang='lat' dir='ltr'>matris</span> <span class='ocrx_word' id='word_1_288' title='bbox 785 3169 904 3230; x_wconf 83' lang='lat' dir='ltr'>nostre3</span> <span class='ocrx_word' id='word_1_289' title='bbox 932 3169 962 3217; x_wconf 86' lang='lat' dir='ltr'>et</span> <span class='ocrx_word' id='word_1_290' title='bbox 988 3141 1056 3217; x_wconf 88' lang='lat' dir='ltr'>ideo</span> <span class='ocrx_word' id='word_1_291' title='bbox 1084 3153 1252 3239; x_wconf 85' lang='lat' dir='ltr'>subiungit:</span> <span class='ocrx_word' id='word_1_292' title='bbox 1274 3157 1326 3218; x_wconf 84' lang='lat' dir='ltr'>vix</span> <span class='ocrx_word' id='word_1_293' title='bbox 1350 3164 1498 3240; x_wconf 75' lang='lat' dir='ltr'>possumus</span> <span class='ocrx_word' id='word_1_294' title='bbox 1524 3155 1621 3218; x_wconf 78' lang='lat' dir='ltr'>vivere</span> <span class='ocrx_word' id='word_1_295' title='bbox 1639 3162 1692 3237; x_wconf 76' lang='lat' dir='ltr'>pce</span> 
     </span>
     <span class='ocr_line' id='line_1_28' title="bbox 403 3251 1691 3341; baseline 0.001 -27"><span class='ocrx_word' id='word_1_296' title='bbox 403 3251 501 3325; x_wconf 83' lang='lat' dir='ltr'>silvas,</span> <span class='ocrx_word' id='word_1_297' title='bbox 529 3251 606 3313; x_wconf 87' lang='lat' dir='ltr'>idest</span> <span class='ocrx_word' id='word_1_298' title='bbox 633 3272 685 3336; x_wconf 90' lang='lat' dir='ltr'>per</span> <span class='ocrx_word' id='word_1_299' title='bbox 711 3254 846 3315; x_wconf 77' lang='lat' dir='ltr'>civitates</span> <span class='ocrx_word' id='word_1_300' title='bbox 874 3271 999 3331; x_wconf 84' lang='lat' dir='ltr'>nostras,</span> <span class='ocrx_word' id='word_1_301' title='bbox 1024 3277 1098 3341; x_wconf 83' lang='lat' dir='ltr'>quas</span> <span class='ocrx_word' id='word_1_302' title='bbox 1124 3256 1318 3340; x_wconf 88' lang='lat' dir='ltr'>possidemus,</span> <span class='ocrx_word' id='word_1_303' title='bbox 1340 3254 1400 3318; x_wconf 90' lang='lat' dir='ltr'>ulla</span> <span class='ocrx_word' id='word_1_304' title='bbox 1426 3269 1499 3331; x_wconf 89' lang='lat' dir='ltr'>arte,</span> <span class='ocrx_word' id='word_1_305' title='bbox 1519 3255 1595 3317; x_wconf 86' lang='lat' dir='ltr'>idest</span> <span class='ocrx_word' id='word_1_306' title='bbox 1621 3273 1691 3316; x_wconf 89' lang='lat' dir='ltr'>cum</span> 
     </span>
     <span class='ocr_line' id='line_1_29' title="bbox 403 3350 1690 3440; baseline 0.001 -27"><span class='ocrx_word' id='word_1_307' title='bbox 403 3350 502 3435; x_wconf 83' lang='lat' dir='ltr'>aliqua</span> <span class='ocrx_word' id='word_1_308' title='bbox 530 3364 593 3412; x_wconf 85' lang='lat' dir='ltr'>arte</span> <span class='ocrx_word' id='word_1_309' title='bbox 600 3374 608 3426; x_wconf 90' lang='lat'>;</span> <span class='ocrx_word' id='word_1_310' title='bbox 630 3365 659 3412; x_wconf 90' lang='lat' dir='ltr'>et</span> <span class='ocrx_word' id='word_1_311' title='bbox 687 3352 737 3412; x_wconf 78' lang='lat' dir='ltr'>rix</span> <span class='ocrx_word' id='word_1_312' title='bbox 766 3372 923 3434; x_wconf 87' lang='lat' dir='ltr'>possumus</span> <span class='ocrx_word' id='word_1_313' title='bbox 944 3353 1039 3418; x_wconf 83' lang='lat' dir='ltr'>lacere</span> <span class='ocrx_word' id='word_1_314' title='bbox 1061 3354 1145 3418; x_wconf 88' lang='lat' dir='ltr'>nobis</span> <span class='ocrx_word' id='word_1_315' title='bbox 1174 3376 1315 3440; x_wconf 79' lang='lat' dir='ltr'>expensas</span> <span class='ocrx_word' id='word_1_316' title='bbox 1337 3356 1516 3418; x_wconf 86' lang='lat' dir='ltr'>necessarias</span> <span class='ocrx_word' id='word_1_317' title='bbox 1538 3352 1596 3416; x_wconf 81' lang='lat' dir='ltr'>ulla</span> <span class='ocrx_word' id='word_1_318' title='bbox 1617 3366 1690 3427; x_wconf 85' lang='lat' dir='ltr'>arte,</span> 
     </span>
     <span class='ocr_line' id='line_1_30' title="bbox 403 3449 1690 3541; baseline 0 -27"><span class='ocrx_word' id='word_1_319' title='bbox 403 3466 434 3514; x_wconf 89' lang='lat' dir='ltr'>et</span> <span class='ocrx_word' id='word_1_320' title='bbox 455 3449 615 3512; x_wconf 87' lang='lat' dir='ltr'>laborando</span> <span class='ocrx_word' id='word_1_321' title='bbox 637 3465 665 3511; x_wconf 91' lang='lat' dir='ltr'>ct</span> <span class='ocrx_word' id='word_1_322' title='bbox 687 3452 855 3534; x_wconf 84' lang='lat' dir='ltr'>cogitando.</span> <span class='ocrx_word' id='word_1_323' title='bbox 877 3489 897 3501; x_wconf 92' lang='lat'>-</span> <span class='ocrx_word' id='word_1_324' title='bbox 925 3462 951 3515; x_wconf 83' lang='lat' dir='ltr'>el</span> <span class='ocrx_word' id='word_1_325' title='bbox 970 3462 1058 3518; x_wconf 83' lang='lat' dir='ltr'>lecum</span> <span class='ocrx_word' id='word_1_326' title='bbox 1078 3477 1212 3541; x_wconf 82' lang='lat' dir='ltr'>gerrnmre</span> <span class='ocrx_word' id='word_1_327' title='bbox 1233 3457 1345 3541; x_wconf 78' lang='lat' dir='ltr'>loquor,</span> <span class='ocrx_word' id='word_1_328' title='bbox 1366 3458 1450 3540; x_wconf 88' lang='lat' dir='ltr'>qunsi</span> <span class='ocrx_word' id='word_1_329' title='bbox 1481 3456 1578 3518; x_wconf 86' lang='lat' dir='ltr'>dicat:</span> <span class='ocrx_word' id='word_1_330' title='bbox 1606 3452 1690 3516; x_wconf 86' lang='lat' dir='ltr'>alteri</span> 
     </span>
     <span class='ocr_line' id='line_1_31' title="bbox 403 3550 1691 3641; baseline 0.003 -30"><span class='ocrx_word' id='word_1_331' title='bbox 403 3550 494 3612; x_wconf 91' lang='lat' dir='ltr'>modo</span> <span class='ocrx_word' id='word_1_332' title='bbox 521 3550 620 3611; x_wconf 86' lang='lat' dir='ltr'>dicere</span> <span class='ocrx_word' id='word_1_333' title='bbox 641 3551 720 3632; x_wconf 89' lang='lat' dir='ltr'>quod</span> <span class='ocrx_word' id='word_1_334' title='bbox 742 3551 811 3613; x_wconf 78' lang='lat' dir='ltr'>solo</span> <span class='ocrx_word' id='word_1_335' title='bbox 833 3573 911 3614; x_wconf 88' lang='lat' dir='ltr'>nunc</span> <span class='ocrx_word' id='word_1_336' title='bbox 934 3554 1088 3637; x_wconf 83' lang='lat' dir='ltr'>explicare.</span> <span class='ocrx_word' id='word_1_337' title='bbox 1115 3592 1135 3602; x_wconf 96' lang='lat'>-</span> <span class='ocrx_word' id='word_1_338' title='bbox 1163 3577 1219 3617; x_wconf 82' lang='lat' dir='ltr'>nou</span> <span class='ocrx_word' id='word_1_339' title='bbox 1234 3557 1321 3641; x_wconf 77' lang='lat' dir='ltr'>furiu</span> <span class='ocrx_word' id='word_1_340' title='bbox 1343 3558 1433 3618; x_wconf 82' lang='lat' dir='ltr'>rrrixln</span> <span class='ocrx_word' id='word_1_341' title='bbox 1456 3557 1595 3638; x_wconf 86' lang='lat' dir='ltr'>rapimus,</span> <span class='ocrx_word' id='word_1_342' title='bbox 1616 3553 1691 3615; x_wconf 88' lang='lat' dir='ltr'>idest</span> 
     </span>
     <span class='ocr_line' id='line_1_32' title="bbox 402 3649 1690 3739; baseline 0.003 -29"><span class='ocrx_word' id='word_1_343' title='bbox 402 3651 502 3711; x_wconf 86' lang='lat' dir='ltr'>omnia</span> <span class='ocrx_word' id='word_1_344' title='bbox 534 3669 591 3732; x_wconf 91' lang='lat' dir='ltr'>que</span> <span class='ocrx_word' id='word_1_345' title='bbox 620 3649 765 3713; x_wconf 81' lang='lat' dir='ltr'>violenter</span> <span class='ocrx_word' id='word_1_346' title='bbox 799 3652 985 3736; x_wconf 89' lang='lat' dir='ltr'>depredando</span> <span class='ocrx_word' id='word_1_347' title='bbox 1018 3657 1167 3738; x_wconf 88' lang='lat' dir='ltr'>rapimus,</span> <span class='ocrx_word' id='word_1_348' title='bbox 1199 3675 1247 3717; x_wconf 82' lang='lat' dir='ltr'>uec</span> <span class='ocrx_word' id='word_1_349' title='bbox 1276 3657 1362 3739; x_wconf 77' lang='lat' dir='ltr'>prede</span> <span class='ocrx_word' id='word_1_350' title='bbox 1397 3662 1456 3717; x_wconf 84' lang='lat' dir='ltr'>nrle</span> <span class='ocrx_word' id='word_1_351' title='bbox 1486 3652 1522 3717; x_wconf 80' lang='lat' dir='ltr'>alr</span> <span class='ocrx_word' id='word_1_352' title='bbox 1552 3651 1690 3728; x_wconf 76' lang='lat' dir='ltr'>ovilibus,</span> 
     </span>
     <span class='ocr_line' id='line_1_33' title="bbox 402 3749 1691 3835; baseline 0.003 -25"><span class='ocrx_word' id='word_1_353' title='bbox 402 3749 477 3811; x_wconf 82' lang='lat' dir='ltr'>idest</span> <span class='ocrx_word' id='word_1_354' title='bbox 507 3751 607 3832; x_wconf 84' lang='lat' dir='ltr'>rapine</span> <span class='ocrx_word' id='word_1_355' title='bbox 634 3751 791 3835; x_wconf 85' lang='lat' dir='ltr'>depredate</span> <span class='ocrx_word' id='word_1_356' title='bbox 818 3753 942 3816; x_wconf 83' lang='lat' dir='ltr'>arrnobis</span> <span class='ocrx_word' id='word_1_357' title='bbox 970 3757 1082 3831; x_wconf 76' lang='lat' dir='ltr'>iuram,</span> <span class='ocrx_word' id='word_1_358' title='bbox 1112 3755 1187 3819; x_wconf 89' lang='lat' dir='ltr'>idest</span> <span class='ocrx_word' id='word_1_359' title='bbox 1207 3755 1364 3818; x_wconf 84' lang='lat' dir='ltr'>auxiliatur</span> <span class='ocrx_word' id='word_1_360' title='bbox 1389 3754 1490 3831; x_wconf 86' lang='lat' dir='ltr'>nobls;</span> <span class='ocrx_word' id='word_1_361' title='bbox 1512 3770 1542 3817; x_wconf 89' lang='lat' dir='ltr'>et</span> <span class='ocrx_word' id='word_1_362' title='bbox 1562 3755 1622 3829; x_wconf 84' lang='lat' dir='ltr'>vix,</span> <span class='ocrx_word' id='word_1_363' title='bbox 1642 3752 1691 3814; x_wconf 87' lang='lat' dir='ltr'>do·</span> 
     </span>
     <span class='ocr_line' id='line_1_34' title="bbox 402 3848 1691 3935; baseline 0.003 -27"><span class='ocrx_word' id='word_1_364' title='bbox 402 3848 552 3930; x_wconf 79' lang='lat' dir='ltr'>predando</span> <span class='ocrx_word' id='word_1_365' title='bbox 573 3851 643 3933; x_wconf 89' lang='lat' dir='ltr'>quid</span> <span class='ocrx_word' id='word_1_366' title='bbox 665 3851 735 3934; x_wconf 88' lang='lat' dir='ltr'>quid</span> <span class='ocrx_word' id='word_1_367' title='bbox 757 3873 923 3933; x_wconf 88' lang='lat' dir='ltr'>possumus,</span> <span class='ocrx_word' id='word_1_368' title='bbox 945 3870 989 3917; x_wconf 88' lang='lat' dir='ltr'>est</span> <span class='ocrx_word' id='word_1_369' title='bbox 1011 3854 1095 3918; x_wconf 84' lang='lat' dir='ltr'>uobis</span> <span class='ocrx_word' id='word_1_370' title='bbox 1121 3852 1238 3919; x_wconf 81' lang='lat' dir='ltr'>visendi</span> <span class='ocrx_word' id='word_1_371' title='bbox 1268 3854 1400 3930; x_wconf 77' lang='lat' dir='ltr'>facultas,</span> <span class='ocrx_word' id='word_1_372' title='bbox 1421 3870 1450 3916; x_wconf 89' lang='lat' dir='ltr'>et</span> <span class='ocrx_word' id='word_1_373' title='bbox 1479 3856 1529 3916; x_wconf 80' lang='lat' dir='ltr'>uix</span> <span class='ocrx_word' id='word_1_374' title='bbox 1558 3871 1691 3935; x_wconf 84' lang='lat' dir='ltr'>reparare</span> 
     </span>
     <span class='ocr_line' id='line_1_35' title="bbox 403 3947 1689 4038; baseline 0.004 -32"><span class='ocrx_word' id='word_1_375' title='bbox 403 3948 555 4030; x_wconf 81' lang='lat' dir='ltr'>antiquam</span> <span class='ocrx_word' id='word_1_376' title='bbox 586 3947 710 4010; x_wconf 89' lang='lat' dir='ltr'>domum</span> <span class='ocrx_word' id='word_1_377' title='bbox 743 3952 854 4027; x_wconf 76' lang='lat' dir='ltr'>nutris,</span> <span class='ocrx_word' id='word_1_378' title='bbox 884 3953 957 4015; x_wconf 88' lang='lat' dir='ltr'>idest</span> <span class='ocrx_word' id='word_1_379' title='bbox 987 3955 1160 4038; x_wconf 89' lang='lat' dir='ltr'>capitolium</span> <span class='ocrx_word' id='word_1_380' title='bbox 1189 3975 1259 4017; x_wconf 87' lang='lat' dir='ltr'>cunr</span> <span class='ocrx_word' id='word_1_381' title='bbox 1286 3955 1416 4016; x_wconf 87' lang='lat' dir='ltr'>maxima</span> <span class='ocrx_word' id='word_1_382' title='bbox 1444 3973 1571 4037; x_wconf 86' lang='lat' dir='ltr'>expensa</span> <span class='ocrx_word' id='word_1_383' title='bbox 1603 3965 1689 4012; x_wconf 88' lang='lat' dir='ltr'>esset.</span> 
     </span>
     <span class='ocr_line' id='line_1_36' title="bbox 403 4045 1690 4136; baseline 0.003 -29"><span class='ocrx_word' id='word_1_384' title='bbox 403 4060 433 4107; x_wconf 86' lang='lat' dir='ltr'>et</span> <span class='ocrx_word' id='word_1_385' title='bbox 454 4046 520 4108; x_wconf 90' lang='lat' dir='ltr'>ideo</span> <span class='ocrx_word' id='word_1_386' title='bbox 542 4045 715 4129; x_wconf 81' lang='lat' dir='ltr'>subiungit:</span> <span class='ocrx_word' id='word_1_387' title='bbox 739 4054 768 4109; x_wconf 83' lang='lat' dir='ltr'>ln</span> <span class='ocrx_word' id='word_1_388' title='bbox 787 4056 840 4132; x_wconf 82' lang='lat' dir='ltr'>pns</span> <span class='ocrx_word' id='word_1_389' title='bbox 868 4050 967 4133; x_wconf 88' lang='lat' dir='ltr'>(paras</span> <span class='ocrx_word' id='word_1_390' title='bbox 978 4054 1005 4136; x_wconf 91' lang='lat'>?)</span> <span class='ocrx_word' id='word_1_391' title='bbox 1036 4051 1163 4115; x_wconf 74' lang='lat' dir='ltr'>attollere</span> <span class='ocrx_word' id='word_1_392' title='bbox 1190 4074 1264 4116; x_wconf 84' lang='lat' dir='ltr'>novo</span> <span class='ocrx_word' id='word_1_393' title='bbox 1292 4060 1362 4117; x_wconf 78' lang='lat' dir='ltr'>lesio</span> <span class='ocrx_word' id='word_1_394' title='bbox 1389 4054 1473 4114; x_wconf 82' lang='lat' dir='ltr'>rreine</span> <span class='ocrx_word' id='word_1_395' title='bbox 1497 4052 1593 4122; x_wconf 81' lang='lat' dir='ltr'>rrrolri,</span> <span class='ocrx_word' id='word_1_396' title='bbox 1614 4050 1690 4112; x_wconf 90' lang='lat' dir='ltr'>idest</span> 
     </span>
     <span class='ocr_line' id='line_1_37' title="bbox 403 4146 1689 4236; baseline 0.004 -31"><span class='ocrx_word' id='word_1_397' title='bbox 403 4163 486 4206; x_wconf 92' lang='lat' dir='ltr'>rome</span> <span class='ocrx_word' id='word_1_398' title='bbox 518 4146 630 4207; x_wconf 81' lang='lat' dir='ltr'>ruituro</span> <span class='ocrx_word' id='word_1_399' title='bbox 658 4159 687 4207; x_wconf 88' lang='lat' dir='ltr'>et</span> <span class='ocrx_word' id='word_1_400' title='bbox 714 4146 886 4231; x_wconf 86' lang='lat' dir='ltr'>decripete?</span> <span class='ocrx_word' id='word_1_401' title='bbox 914 4150 949 4211; x_wconf 83' lang='lat' dir='ltr'>sd</span> <span class='ocrx_word' id='word_1_402' title='bbox 981 4172 1039 4235; x_wconf 89' lang='lat' dir='ltr'>que</span> <span class='ocrx_word' id='word_1_403' title='bbox 1068 4154 1236 4236; x_wconf 89' lang='lat' dir='ltr'>Respondet</span> <span class='ocrx_word' id='word_1_404' title='bbox 1268 4154 1411 4216; x_wconf 87' lang='lat' dir='ltr'>Martius:</span> <span class='ocrx_word' id='word_1_405' title='bbox 1440 4172 1497 4214; x_wconf 84' lang='lat' dir='ltr'>non</span> <span class='ocrx_word' id='word_1_406' title='bbox 1524 4170 1609 4225; x_wconf 86' lang='lat' dir='ltr'>novo,</span> <span class='ocrx_word' id='word_1_407' title='bbox 1637 4169 1689 4211; x_wconf 88' lang='lat' dir='ltr'>scu</span> 
     </span>
     <span class='ocr_line' id='line_1_38' title="bbox 402 4242 1688 4335; baseline 0.007 -32"><span class='ocrx_word' id='word_1_408' title='bbox 402 4256 490 4318; x_wconf 85' lang='lat' dir='ltr'>tecta,</span> <span class='ocrx_word' id='word_1_409' title='bbox 518 4242 585 4305; x_wconf 91' lang='lat' dir='ltr'>dico</span> <span class='ocrx_word' id='word_1_410' title='bbox 617 4265 665 4306; x_wconf 90' lang='lat' dir='ltr'>me</span> <span class='ocrx_word' id='word_1_411' title='bbox 697 4244 773 4306; x_wconf 80' lang='lat' dir='ltr'>selle</span> <span class='ocrx_word' id='word_1_412' title='bbox 806 4246 1004 4324; x_wconf 86' lang='lat' dir='ltr'>rehedificare‚</span> <span class='ocrx_word' id='word_1_413' title='bbox 1037 4250 1086 4312; x_wconf 89' lang='lat' dir='ltr'>sed</span> <span class='ocrx_word' id='word_1_414' title='bbox 1117 4270 1250 4334; x_wconf 88' lang='lat' dir='ltr'>reparare</span> <span class='ocrx_word' id='word_1_415' title='bbox 1281 4266 1382 4335; x_wconf 87' lang='lat' dir='ltr'>turpes</span> <span class='ocrx_word' id='word_1_416' title='bbox 1415 4253 1512 4315; x_wconf 83' lang='lat' dir='ltr'>ruinas</span> <span class='ocrx_word' id='word_1_417' title='bbox 1544 4265 1688 4324; x_wconf 76' lang='lat' dir='ltr'>veterum,</span> 
     </span>
     <span class='ocr_line' id='line_1_39' title="bbox 402 4341 1688 4434; baseline 0.005 -33"><span class='ocrx_word' id='word_1_418' title='bbox 402 4341 477 4404; x_wconf 88' lang='lat' dir='ltr'>idest</span> <span class='ocrx_word' id='word_1_419' title='bbox 503 4344 691 4428; x_wconf 88' lang='lat' dir='ltr'>antiquarum</span> <span class='ocrx_word' id='word_1_420' title='bbox 721 4365 828 4408; x_wconf 85' lang='lat' dir='ltr'>rerum.</span> <span class='ocrx_word' id='word_1_421' title='bbox 856 4382 876 4393; x_wconf 94' lang='lat'>-</span> <span class='ocrx_word' id='word_1_422' title='bbox 904 4347 950 4419; x_wconf 80' lang='lat' dir='ltr'>cla,</span> <span class='ocrx_word' id='word_1_423' title='bbox 973 4370 1038 4411; x_wconf 82' lang='lat' dir='ltr'>care</span> <span class='ocrx_word' id='word_1_424' title='bbox 1057 4350 1165 4434; x_wconf 76' lang='lat' dir='ltr'>frater,</span> <span class='ocrx_word' id='word_1_425' title='bbox 1187 4372 1310 4424; x_wconf 85' lang='lat' dir='ltr'>nrmms;</span> <span class='ocrx_word' id='word_1_426' title='bbox 1336 4353 1410 4415; x_wconf 89' lang='lat' dir='ltr'>idest</span> <span class='ocrx_word' id='word_1_427' title='bbox 1438 4352 1556 4434; x_wconf 83' lang='lat' dir='ltr'>porrige</span> <span class='ocrx_word' id='word_1_428' title='bbox 1583 4367 1688 4411; x_wconf 80' lang='lat' dir='ltr'>nsanos</span> 
     </span>
     <span class='ocr_line' id='line_1_40' title="bbox 402 4440 1688 4534; baseline 0.003 -32"><span class='ocrx_word' id='word_1_429' title='bbox 402 4453 468 4502; x_wconf 91' lang='lat' dir='ltr'>tuas</span> <span class='ocrx_word' id='word_1_430' title='bbox 488 4440 525 4502; x_wconf 89' lang='lat' dir='ltr'>ad</span> <span class='ocrx_word' id='word_1_431' title='bbox 546 4442 575 4504; x_wconf 88' lang='lat' dir='ltr'>id</span> <span class='ocrx_word' id='word_1_432' title='bbox 604 4443 683 4527; x_wconf 90' lang='lat' dir='ltr'>quod</span> <span class='ocrx_word' id='word_1_433' title='bbox 712 4460 791 4528; x_wconf 86' lang='lat' dir='ltr'>peto,</span> <span class='ocrx_word' id='word_1_434' title='bbox 813 4460 841 4508; x_wconf 90' lang='lat' dir='ltr'>et</span> <span class='ocrx_word' id='word_1_435' title='bbox 870 4447 935 4509; x_wconf 87' lang='lat' dir='ltr'>subl</span> <span class='ocrx_word' id='word_1_436' title='bbox 962 4465 1069 4531; x_wconf 88' lang='lat' dir='ltr'>sponte</span> <span class='ocrx_word' id='word_1_437' title='bbox 1096 4466 1209 4534; x_wconf 88' lang='lat' dir='ltr'>partem</span> <span class='ocrx_word' id='word_1_438' title='bbox 1239 4451 1366 4529; x_wconf 82' lang='lat' dir='ltr'>virilem,</span> <span class='ocrx_word' id='word_1_439' title='bbox 1393 4452 1468 4514; x_wconf 88' lang='lat' dir='ltr'>idest</span> <span class='ocrx_word' id='word_1_440' title='bbox 1495 4448 1625 4512; x_wconf 87' lang='lat' dir='ltr'>concede</span> <span class='ocrx_word' id='word_1_441' title='bbox 1651 4446 1688 4507; x_wconf 94' lang='lat' dir='ltr'>ad</span> 
     </span>
     <span class='ocr_line' id='line_1_41' title="bbox 401 4540 1688 4636; baseline 0.003 -33"><span class='ocrx_word' id='word_1_442' title='bbox 401 4540 459 4617; x_wconf 81' lang='lat' dir='ltr'>hoc</span> <span class='ocrx_word' id='word_1_443' title='bbox 480 4557 594 4633; x_wconf 86' lang='lat' dir='ltr'>partem</span> <span class='ocrx_word' id='word_1_444' title='bbox 617 4559 667 4606; x_wconf 90' lang='lat' dir='ltr'>tue</span> <span class='ocrx_word' id='word_1_445' title='bbox 687 4565 745 4629; x_wconf 88' lang='lat' dir='ltr'>que</span> <span class='ocrx_word' id='word_1_446' title='bbox 768 4561 796 4606; x_wconf 90' lang='lat' dir='ltr'>te</span> <span class='ocrx_word' id='word_1_447' title='bbox 817 4547 912 4630; x_wconf 85' lang='lat' dir='ltr'>tangit</span> <span class='ocrx_word' id='word_1_448' title='bbox 934 4563 962 4609; x_wconf 89' lang='lat' dir='ltr'>et</span> <span class='ocrx_word' id='word_1_449' title='bbox 989 4552 1145 4631; x_wconf 88' lang='lat' dir='ltr'>pecuniam</span> <span class='ocrx_word' id='word_1_450' title='bbox 1173 4551 1220 4612; x_wconf 88' lang='lat' dir='ltr'>da.</span> <span class='ocrx_word' id='word_1_451' title='bbox 1245 4586 1265 4598; x_wconf 92' lang='lat'>-</span> <span class='ocrx_word' id='word_1_452' title='bbox 1285 4553 1375 4636; x_wconf 82' lang='lat' dir='ltr'>pirlos</span> <span class='ocrx_word' id='word_1_453' title='bbox 1395 4552 1502 4613; x_wconf 79' lang='lat' dir='ltr'>inuicto</span> <span class='ocrx_word' id='word_1_454' title='bbox 1522 4551 1620 4612; x_wconf 79' lang='lat' dir='ltr'>vincul</span> <span class='ocrx_word' id='word_1_455' title='bbox 1638 4546 1688 4607; x_wconf 88' lang='lat' dir='ltr'>ln·</span> 
     </span>
     <span class='ocr_line' id='line_1_42' title="bbox 401 4639 1688 4735; baseline 0.007 -33"><span class='ocrx_word' id='word_1_456' title='bbox 401 4639 504 4715; x_wconf 78' lang='lat' dir='ltr'>lorcin,</span> <span class='ocrx_word' id='word_1_457' title='bbox 526 4642 601 4705; x_wconf 88' lang='lat' dir='ltr'>idest</span> <span class='ocrx_word' id='word_1_458' title='bbox 623 4645 721 4707; x_wconf 73' lang='lat' dir='ltr'>vincat</span> <span class='ocrx_word' id='word_1_459' title='bbox 744 4647 968 4730; x_wconf 80' lang='lat' dir='ltr'>repugnantiam</span> <span class='ocrx_word' id='word_1_460' title='bbox 990 4664 1083 4726; x_wconf 86' lang='lat' dir='ltr'>tunm,</span> <span class='ocrx_word' id='word_1_461' title='bbox 1104 4652 1173 4734; x_wconf 81' lang='lat' dir='ltr'>quia</span> <span class='ocrx_word' id='word_1_462' title='bbox 1195 4667 1223 4713; x_wconf 90' lang='lat' dir='ltr'>te</span> <span class='ocrx_word' id='word_1_463' title='bbox 1245 4667 1349 4735; x_wconf 77' lang='lat' dir='ltr'>gravat</span> <span class='ocrx_word' id='word_1_464' title='bbox 1377 4652 1413 4714; x_wconf 91' lang='lat' dir='ltr'>ad</span> <span class='ocrx_word' id='word_1_465' title='bbox 1434 4652 1492 4713; x_wconf 83' lang='lat' dir='ltr'>lroc</span> <span class='ocrx_word' id='word_1_466' title='bbox 1513 4671 1587 4733; x_wconf 88' lang='lat' dir='ltr'>opus</span> <span class='ocrx_word' id='word_1_467' title='bbox 1608 4650 1688 4712; x_wconf 87' lang='lat' dir='ltr'>fien-</span> 
     </span>
     <span class='ocr_line' id='line_1_43' title="bbox 399 4740 1687 4835; baseline 0.005 -32"><span class='ocrx_word' id='word_1_468' title='bbox 399 4740 471 4803; x_wconf 91' lang='lat' dir='ltr'>dum</span> <span class='ocrx_word' id='word_1_469' title='bbox 492 4742 667 4829; x_wconf 85' lang='lat' dir='ltr'>disponere:</span> <span class='ocrx_word' id='word_1_470' title='bbox 689 4779 708 4792; x_wconf 93' lang='lat'>-</span> <span class='ocrx_word' id='word_1_471' title='bbox 729 4745 866 4809; x_wconf 86' lang='lat' dir='ltr'>Sicrcnms</span> <span class='ocrx_word' id='word_1_472' title='bbox 883 4750 1005 4833; x_wconf 78' lang='lat' dir='ltr'>pariter,</span> <span class='ocrx_word' id='word_1_473' title='bbox 1026 4769 1078 4812; x_wconf 88' lang='lat' dir='ltr'>seu</span> <span class='ocrx_word' id='word_1_474' title='bbox 1107 4770 1165 4835; x_wconf 87' lang='lat' dir='ltr'>ego</span> <span class='ocrx_word' id='word_1_475' title='bbox 1185 4766 1215 4813; x_wconf 89' lang='lat' dir='ltr'>et</span> <span class='ocrx_word' id='word_1_476' title='bbox 1236 4765 1279 4829; x_wconf 89' lang='lat' dir='ltr'>tu,</span> <span class='ocrx_word' id='word_1_477' title='bbox 1297 4750 1433 4816; x_wconf 87' lang='lat' dir='ltr'>lacrimas</span> <span class='ocrx_word' id='word_1_478' title='bbox 1453 4751 1591 4835; x_wconf 89' lang='lat' dir='ltr'>parentis,</span> <span class='ocrx_word' id='word_1_479' title='bbox 1612 4746 1687 4810; x_wconf 83' lang='lat' dir='ltr'>idest</span> 
     </span>
    </p>
   </div>
   <div class='ocr_carea' id='block_1_3' title="bbox 0 0 2073 5217">
    <p class='ocr_par' dir='ltr' id='par_1_3' title="bbox 0 0 2073 5217">
     <span class='ocr_line' id='line_1_44' title="bbox 0 0 2073 5217; baseline 0 0"><span class='ocrx_word' id='word_1_480' title='bbox 0 0 2073 5217; x_wconf 95' lang='lat' dir='ltr'> </span> 
     </span>
    </p>
   </div>
  </div>
 </body>
</html>
