4125 5217
378 387 422 453 66
885 397 1035 446 antonio
1059 397 1166 445 ,111111

378 667 437 759 pin
459 662 581 753 lunglre
605 659 644 730 ed
670 660 876 751 importanti:
902 660 928 727 si
953 658 1123 729 direbbero
1147 656 1210 728 due
1233 656 1372 747 gemelli,
1396 682 1430 726 se
1453 654 1483 724 11
1506 652 1672 725 differente

377 778 428 845 etl
452 799 470 842 e
495 771 516 841 il
540 770 709 841 differente
732 789 857 860 aspetto
882 766 1094 859 pale-ogratico
1114 791 1181 835 non
1206 757 1456 857 costringessero
1479 789 1498 833 1
1521 765 1675 835 ricercare

379 885 546 976 pilt·tosto
569 878 662 973 quale
686 877 737 948 dei
763 878 825 947 due
849 879 894 945 sia
918 896 998 946 stata
1021 876 1051 946 11
1076 875 1166 945 fonte
1190 875 1263 944 dell'
1275 874 1366 945 altro.

472 989 551 1072 Ora,
587 1008 712 1057 mentre
749 985 769 1055 il
805 986 915 1055 codice
943 989 1026 1074 1636
1063 984 1376 1054 dell'Universitaria
1411 983 1442 1052 di
1478 983 1623 1075 Bologna
1658 984 1676 1051 i·

380 1100 462 1171 della
485 1098 548 1167 line
572 1097 623 1166 del
647 1118 710 1165 sec.
737 1094 860 1179 xtv‚il
885 1095 1081 1165 Corsiniano
1105 1112 1298 1163 certamente
1314 1096 1495 1185 appartienc
1519 1092 1581 1185 agli
1602 1091 1676 1161 initi

380 1208 431 1279 del
455 1209 561 1290 xv‚e
584 1211 672 1297 pero,
697 1230 794 1274 senza
818 1224 903 1272 rema
926 1203 1077 1285 d’errare‚
1095 1205 1127 1271 io
1143 1202 1240 1271 credo
1257 1203 1315 1271 tlte
1338 1203 1442 1295 quest'
1456 1201 1569 1272 ultimo
1585 1200 1676 1271 abbia

303 1379 306 1383 .
381 1318 496 1387 attinto
519 1314 548 1384 al
564 1314 637 1384 cod.
663 1314 759 1382 Univ.
785 1311 976 1402 Bolognese.
1000 1309 1107 1380 nene
1123 1309 1331 1379 conclusione
1348 1313 1394 1380 nti
1413 1310 1557 1379 condoce
1573 1308 1674 1378 anelte

382 1425 402 1494 l’
416 1443 537 1494 attento
572 1446 680 1491 esame
697 1420 800 1511 ‘degli
835 1420 1015 1509 argntnenti
1051 1445 1080 1501 e,
1115 1443 1209 1489 come
1246 1417 1409 1504 vedremo,
1440 1417 1523 1488 delle
1558 1418 1677 1508 glosse·

383 1531 513 1613 Prendo
536 1530 577 1601 ad
600 1554 645 1599 es.
670 1529 691 1598 l‘
704 1548 897 1619 argomento
920 1552 1086 1618 premesso
1110 1527 1161 1597 all'
1173 1527 1289 1619 egloga
1311 1529 1363 1597 X:

478 1873 561 1975 Cod.
592 1877 675 1984 1636
700 1875 798 1943 Univ.
820 1873 888 1942 1101.
925 1964 928 1969 ⁴

1033 1896 1038 2032 g
1233 1872 1316 1943 Cod.
1340 1872 1534 1943 Corsiniano

423 2005 527 2057 Decime
555 2004 653 2071 Egloge
682 2002 772 2057 titulus
790 2005 897 2056 iocatur
917 2004 980 2054 1111-
1127 2001 1232 2054 Detime
1250 2002 1341 2071 egloge
1360 2002 1448 2053 titulos
1466 2012 1505 2053 est
1525 2002 1622 2054 hura
1640 2018 1681 2054 oe·

385 2112 430 2147 ren
456 2095 586 2146 occidens.
617 2094 723 2146 Materia
751 2104 791 2146 est
819 2094 925 2162 querela
948 2094 980 2145 de
1033 2049 1038 2136 l
1089 2093 1189 2145 cidens.
1209 2093 1483 2160 Materieestqoerela
1501 2093 1534 2144 de
1550 2103 1604 2145 arte
1622 2109 1680 2161 poe·

386 2198 442 2237 tete
459 2184 567 2253 poetioe.
585 2202 664 2253 quarn
682 2186 754 2236 dolet
766 2184 885 2246 delicere,
899 2195 925 2234 et
944 2183 980 2234 in·
1034 2141 1039 2236 l
1092 2185 1149 2244 tion,
1167 2200 1244 2251 qoem
1263 2183 1319 2251 ipse
1336 2184 1407 2235 dolet
1434 2182 1550 2235 delicere.
1569 2184 1603 2236 Et
1620 2182 1681 2235 inci·

385 2275 547 2328 tidenteliter
572 2275 631 2326 iacit
657 2274 815 2326 mentionem
842 2276 875 2326 de
894 2274 981 2326 multis

387 2365 471 2434 poetis
489 2364 572 2433 grecis
591 2376 616 2416 ct
635 2366 722 2416 latinis
747 2375 773 2416 ct
791 2365 916 2416 barbatis.
937 2365 981 2415 Po·

388 2466 437 2508 test
456 2456 533 2507 etiem
558 2455 608 2507 dici
637 2457 707 2522 (ruod
732 2455 857 2523 equivoco
876 2456 982 2506 mentio

389 2563 448 2599 nem
467 2546 526 2598 facit
544 2547 577 2598 de
596 2557 678 2597 morte
691 2546 760 2597 illins
773 2546 869 2598 laurete
888 2546 982 2597 nobilis

389 2637 512 2696 mulieris,
531 2654 607 2704 quam
627 2637 756 2688 adamavit
777 2648 802 2688 et
822 2654 898 2704 (lnam
917 2638 979 2687 eele-

389 2828 490 2869 1110111111
508 2828 548 2869 est
566 2817 636 2869 enim
649 2819 706 2886 ipso
719 2820 834 2878 absente,
848 2827 875 2869 nt
891 2818 918 2869 in
932 2819 982 2869 tine

389 2908 482 2975 egloge
500 2908 606 2977 patebit.
624 2925 677 2964 ecc.

1090 2274 1227 2326 dentaliter
1256 2273 1316 2325 lecit
1347 2274 1503 2325 mentionem
1530 2276 1564 2326 de
1595 2274 1681 2325 moltis

1091 2366 1175 2432 poetis
1194 2364 1277 2432 grecis
1295 2374 1321 2417 et
1339 2364 1426 2415 latinis
1444 2374 1470 2417 et
1489 2364 1614 2417 herberia.
1632 2365 1681 2416 Po-

1092 2465 1142 2508 test
1159 2457 1237 2508 etiam
1255 2456 1306 2507 diei
1334 2456 1403 2523 quod
1431 2454 1554 2524 eqnivooe
1575 2451 1683 2507 mentio-

1092 2564 1146 2598 rem
1166 2546 1224 2598 iecit
1242 2547 1275 2598 de
1294 2558 1375 2597 morte
1394 2545 1462 2598 illius
1475 2545 1571 2598 laurete
1588 2545 1682 2596 nobilis

1036 2666 1040 2724 ἰ
1093 2637 1215 2699 mulieris,
1234 2655 1311 2706 quarn
1330 2638 1458 2689 adamavit
1476 2648 1502 2689 et
1524 2654 1602 2706 quum
1618 2637 1682 2687 eele-

390 2730 462 2779 brent
481 2728 588 2779 materia
616 2745 662 2779 sue
680 2728 827 2794 eloquentie
853 2728 982 2786 redditio

1093 2730 1165 2779 brem
1184 2745 1230 2796 per
1249 2746 1320 2780 suam
1339 2729 1511 2798 eloquentiam
1525 2728 1645 2788 reddidit,
1657 2739 1683 2777 et

1092 2835 1143 2885 qne
1162 2829 1262 2870 mortue
1280 2830 1319 2870 est
1337 2819 1395 2887 ipso
1413 2820 1527 2891 absente¹
1540 2827 1568 2870 nt
1585 2818 1613 2869 in
1631 2817 1683 2869 fine

1093 2909 1192 2977 Egloge
1212 2910 1317 2978 patebit.

480 3246 507 3315 11
530 3245 695 3332 raffronto,
719 3271 755 3316 se
779 3267 899 3318 mostra
922 3248 1014 3340 quale
1050 3268 1160 3319 stretta
1185 3250 1344 3342 parentela
1378 3249 1465 3342 leghi
1488 3270 1536 3320 tra
1558 3251 1629 3320 loro
1652 3250 1682 3320 le

393 3353 456 3424 due
480 3357 750 3438 versionisviene
773 3357 875 3427 anche
898 3382 915 3425 a
939 3356 1140 3428 confermare
1174 3359 1203 3429 la
1227 3362 1291 3429 mia
1314 3362 1506 3445 assertione,
1530 3360 1589 3430 clre
1612 3362 1683 3430 cioi

389 3462 413 3532 il
437 3464 509 3533 cod.
539 3466 624 3554 1636
649 3463 722 3533 dell’
736 3466 833 3535 Univ.
858 3465 890 3535 di
915 3466 1061 3558 Bologna
1084 3470 1131 3537 sia
1153 3489 1237 3537 stato
1262 3468 1290 3537 la
1319 3468 1407 3538 fonte
1431 3469 1482 3538 del
1506 3468 1577 3540 cod.
1602 3470 1683 3540 Cor·

390 3574 517 3642 siniano
543 3577 595 3662 ⁶4·
620 3576 648 3642 A
673 3573 935 3665 persuadercene‚
953 3578 979 3644 si
997 3576 1188 3646 raffrontino
1204 3577 1232 3646 le
1249 3575 1311 3646 due
1336 3580 1476 3647 versioni
1500 3602 1561 3648 con
1578 3576 1683 3673 quella

392 3679 570 3771 pubblieata
594 3680 667 3749 dall’
681 3684 804 3768 HortiS,
828 3710 846 3752 e
870 3686 895 3753 si
920 3685 1016 3753 vedrd
1040 3683 1099 3754 che
1122 3685 1152 3754 11
1168 3686 1337 3755 redarione
1361 3688 1402 3772 D,
1426 3686 1607 3757 modificata
1631 3686 1683 3756 nel

391 3785 464 3857 cod.
490 3790 682 3880 Bolognese,
706 3792 816 3860 risulta
850 3816 949 3861 antor
972 3795 1026 3884 pia
1062 3814 1202 3863 corrotta
1226 3793 1279 3862 nel
1314 3793 1385 3864 cod.
1410 3794 1614 3865 Corsiniano.
1638 3795 1680 3864 Di
1757 3797 1760 3803 ’

391 3898 467 3986 pit:
492 3897 566 3965 nell‘
579 3921 771 3988 argomento
806 3925 971 3992 premesso
1007 3902 1132 3993 all‘egl.
1157 3905 1189 3972 V
1211 3902 1232 3971 il
1267 3904 1338 3973 cod.
1363 3903 1432 3972 Bol.
1458 3905 1555 3973 Univ.
1579 3906 1681 3973 scrive

396 4006 628 4097 «Appiciusn3
653 4032 705 4076 ma
729 4008 782 4077 nel
806 4010 999 4080 Corsiniano
1017 4014 1044 4080 si
1061 4011 1153 4103 legge
1181 4014 1394 4105 adspicias»,
1419 4013 1523 4082 Come
1547 4012 1682 4083 avrebbe

391 4133 507 4202 potuto
538 4116 671 4184 rivivere
695 4115 725 4185 11
748 4139 828 4187 tetta
851 4117 986 4203 lezione,
1010 4143 1045 4188 se
1068 4119 1091 4188 il
1116 4119 1297 4211 Bolognese
1321 4119 1480 4191 derivasse
1504 4121 1555 4191 dal
1578 4122 1685 4192 Corsi·

391 4223 515 4290 niano?
540 4223 611 4293 Che
621 4239 661 4293 'se
677 4225 709 4305 di
734 4249 846 4319 questa
864 4227 1032 4299 redazione
1049 4228 1135 4319 degli
1153 4232 1332 4319 argumenti
1349 4232 1377 4298 si
1392 4230 1499 4321 voglio
1514 4254 1639 4300 certare
1655 4229 1684 4299 11

389 4331 681 4421 originelontana,
707 4338 770 4404 essi
794 4339 822 4405 si
845 4336 973 4406 det-ono
998 4337 1188 4408 riallacciare
1222 4338 1281 4407 alla
1318 4340 1487 4410 redazione
1512 4359 1710 4410 contenuta·

391 4439 444 4508 nel
468 4441 539 4510 cod.
566 4444 699 4512 Estense
724 4471 744 4510 α
770 4469 809 4515 w.
835 4468 865 4533 ς.
895 4467 943 4515 12.
968 4446 1052 4516 edita
1076 4447 1149 4516 dall’
1163 4450 1286 4531 Hortis,
1310 4450 1426 4541 peschi·
1449 4474 1512 4520 con
1535 4471 1685 4519 1111111-

391 4547 533 4618 lasciano
556 4550 588 4620 di
612 4555 756 4643 spiegare
769 4553 790 4621 il
815 4556 954 4624 Monirns
977 4554 1150 4647 dell'egl.I
1178 4583 1225 4626 aa
1242 4581 1360 4626 monos
1375 4558 1463 4651 quod
1487 4578 1536 4628 est
1559 4582 1682 4628 unns».

391 4658 445 4727 Ma
470 4682 510 4727 ne
533 4683 616 4728 sono
640 4664 718 4753 peri)
744 4661 974 4753 indipendenti‚
991 4689 1085 4733 come
1111 4668 1201 4755 potrd
1217 4666 1333 4736 vedere
1356 4691 1491 4757 ogmmo
1515 4666 1682 4738 cheabbia
