4125 5217
846 440 878 490 11.
900 440 1090 490 tucottcusr
1113 442 1244 491 mutiam
1619 438 1682 511 235

403 697 510 783 quibus
529 698 658 773 salvatus
678 699 734 764 luit
762 700 888 785 populus
911 722 1061 779 romanus,
1082 704 1159 765 sieut
1181 700 1237 765 luit
1257 699 1364 766 Tullus
1393 718 1527 786 tempore
1551 703 1687 768 catelline

405 812 436 861 et
456 800 565 862 marius
586 815 719 884 tempore
746 800 939 863 cimbrorum.
961 816 991 864 et
1014 800 1082 863 ideo
1103 801 1193 864 dicit:
1222 801 1314 864 altera
1335 821 1472 886 quercus,
1496 824 1549 865 seu
1578 805 1687 866 marius

405 895 460 962 luit
481 897 545 961 laus
571 897 622 985 [de
641 914 704 962 arte
731 897 869 984 manus];
897 899 989 963 altera
1009 920 1148 984 quercus,
1169 921 1221 963 seu
1244 899 1345 975 tulius,
1367 921 1436 964 cum
1459 902 1637 987 eloquentia.
1658 921 1688 969 et

406 996 478 1061 dicit
497 998 576 1082 quod
597 997 718 1083 parvula
739 1000 846 1081 civitas¹
864 998 972 1061 fecerat
992 999 1068 1061 duos
1089 1015 1192 1083 poetas
1214 1022 1349 1084 magnos,
1365 1000 1454 1064 lortes
1476 1018 1505 1065 et
1528 1002 1636 1082 bonos;
1658 1022 1688 1070 et

406 1116 465 1159 una
486 1096 588 1161 umbra
609 1098 736 1162 civitatis
764 1113 951 1161 concesserat
978 1098 1054 1161 duos
1076 1101 1212 1183 gigantes
1233 1098 1333 1175 simul,
1355 1116 1383 1163 et
1406 1101 1463 1164 hoc
1484 1120 1629 1186 quantum
1652 1106 1689 1168 ad

407 1212 484 1260 artes
505 1212 535 1261 et
555 1198 687 1262 virtutes.
709 1201 747 1261 Et
766 1198 905 1261 describit
926 1198 1017 1261 alium
1046 1215 1176 1282 poetam,
1198 1220 1249 1263 seu
1272 1221 1395 1277 usurus,
1417 1203 1467 1285 qui
1490 1202 1559 1266 lecit
1580 1203 1688 1269 librum

405 1295 443 1359 de
463 1295 578 1360 luxuria
599 1312 628 1359 et
656 1296 790 1380 superbia
818 1318 1043 1381 campanorum,
1064 1300 1126 1361 sire
1147 1319 1366 1383 capuanorum3
1388 1316 1417 1362 et
1438 1300 1528 1365 dicit:
1551 1305 1689 1386 ego,sidi

310 1449 313 1453 .
405 1394 497 1459 alium
517 1394 691 1481 implentem
711 1401 843 1460 carmine
857 1418 912 1459 suo
927 1397 1095 1481 superbiam
1110 1419 1335 1482 campanorum,
1350 1414 1379 1463 et
1394 1400 1450 1464 hoe
1469 1402 1498 1464 in
1513 1401 1582 1465 stilo
1595 1407 1689 1467 suari.

487 1511 517 1559 et
537 1495 623 1559 dicit:
645 1517 702 1580 ego
723 1497 843 1580 perveni
865 1517 990 1573 romam,
1005 1512 1035 1559 et
1057 1519 1116 1560 non
1138 1500 1232 1581 reperi
1255 1497 1365 1560 multos
1386 1516 1501 1583 poetas,
1516 1503 1566 1565 sed
1588 1504 1691 1567 inten-

406 1593 508 1660 dentes
528 1598 637 1674 armis;
659 1612 688 1659 et
708 1596 775 1659 ideo
795 1618 853 1681 ego
881 1596 1106 1660 venerabundus
1136 1598 1286 1681 ingredior
1306 1599 1407 1662 urbem
1438 1621 1562 1680 rostram.
1587 1619 1692 1688 stupor

406 1696 551 1779 oppressit
572 1716 630 1773 me,
650 1697 769 1781 quando
791 1698 909 1780 perveni
931 1698 967 1760 ad
996 1712 1109 1760 tantam
1132 1697 1247 1775 urbem,
1268 1699 1335 1783 quia
1365 1720 1461 1782 penna
1488 1700 1544 1764 luit
1565 1703 1691 1767 tremula

407 1796 484 1859 inter
503 1816 584 1859 arma
605 1812 635 1859 et
655 1797 731 1859 inter
750 1798 848 1860 tristes
870 1797 970 1859 turbas
992 1813 1021 1860 et
1043 1799 1183 1881 strepitus
1206 1814 1337 1861 rotarum
1360 1801 1490 1862 victorie.
1511 1817 1540 1864 et
1560 1804 1691 1883 tandem,

407 1896 479 1960 dum
493 1896 536 1960 sic
550 1910 669 1972 starent,
682 1896 780 1959 audivi
795 1898 875 1981 quod
898 1913 959 1959 erat
974 1918 1050 1959 unus
1072 1913 1170 1980 poeta,
1185 1918 1237 1959 seu
1254 1919 1360 1961 ttvrcs.
1376 1914 1406 1961 et
1421 1900 1486 1962 iden
1508 1898 1598 1964 diciir
1619 1904 1691 1967 dum

408 2016 465 2082 ego
486 2015 587 2059 moror
606 1998 636 2059 in
658 1994 730 2058 urbe
751 2017 882 2073 romana,
894 2011 958 2059 tum
980 2018 1037 2081 ego
1060 1998 1190 2081 percipio
1204 2018 1359 2060 susurrum
1380 2000 1429 2061 ris
1451 2000 1539 2063 dubia
1560 2022 1640 2078 aure,
1662 2019 1693 2067 et

407 2095 465 2160 hoc
486 2097 586 2179 magni
608 2097 696 2173 senis,
717 2117 769 2158 seu
791 2095 862 2179 livii,
885 2112 914 2159 et
935 2118 992 2179 ego
1021 2096 1132 2159 doceor
1162 2096 1242 2159 hunc
1271 2097 1393 2159 niodum
1425 2100 1555 2182 primum
1576 2102 1692 2185 poetice

407 2210 549 2260 cantasse.
564 2230 585 2244 ·
604 2199 643 2260 Et
663 2194 802 2259 describit
822 2195 925 2273 alium,
939 2217 991 2258 seu
1007 2216 1136 2273 acrium
1158 2212 1188 2260 at
1202 2197 1275 2260 dicit
1295 2198 1375 2281 quod
1397 2213 1464 2282 post
1485 2198 1588 2263 lis-ium
1611 2203 1693 2265 venit

407 2296 512 2360 Actius
533 2294 672 2358 audacior
692 2311 722 2358 et
749 2297 904 2379 posterior,
926 2298 1062 2380 quamvis
1085 2312 1171 2358 natus
1193 2297 1229 2359 de
1257 2295 1380 2380 ignobili
1410 2313 1548 2380 parente,
1569 2315 1599 2362 et
1620 2301 1692 2384 ipse,

407 2395 503 2458 iussus
524 2418 542 2458 a
561 2394 634 2458 iulio
654 2416 763 2471 cesare,
779 2395 905 2458 reditum
927 2395 964 2457 ad
985 2397 1111 2477 patriam
1132 2415 1228 2470 suam,
1242 2416 1300 2480 que
1315 2411 1360 2458 est
1382 2396 1479 2479 ipsunt
1501 2418 1582 2461 mare
1602 2401 1693 2462 adria·

323 2534 327 2543 ·
407 2514 487 2558 cunt.
502 2510 532 2559 et
551 2496 607 2558 iste
621 2494 675 2557 fuit
695 2496 736 2557 ita
757 2495 853 2557 audax
874 2494 954 2581 quod
976 2515 1128 2578 nunquam
1151 2495 1291 2557 ruorebat
1311 2516 1343 2557 se
1365 2516 1381 2556 a
1402 2496 1542 2574 sedendo,
1556 2497 1626 2561 dum
1646 2520 1693 2561 ve·

198 3718 219 3745 r.
236 3704 273 3755 ²³⁸
282 3726 287 3735 ·
297 3704 336 3755 22⁶

408 2595 485 2657 niret
504 2614 597 2673 cesar,
617 2595 686 2680 quia
708 2610 770 2658 erat
791 2596 880 2657 etiam
902 2611 1005 2678 poeta3
1029 2611 1068 2670 et,
1089 2594 1161 2657 dum
1183 2596 1247 2677 ipse
1267 2609 1329 2656 erat
1352 2595 1555 2679 reprehensus,
1577 2597 1693 2661 dicebat

408 2692 489 2779 quod
509 2714 570 2757 uon
590 2693 720 2757 curabat.
743 2694 809 2756 ideo
830 2694 921 2756 dicit:
945 2694 1003 2755 ridi
1025 2694 1116 2756 alium
1139 2695 1189 2777 qui
1212 2715 1273 2755 non
1295 2693 1418 2757 timebat
1439 2716 1581 2778 cesarem,
1603 2718 1692 2781 quem

408 2813 513 2856 omnes
533 2791 691 2870 timebant;
706 2795 756 2878 qui
778 2808 865 2877 poeta
888 2814 946 2855 non
964 2795 1073 2855 ueritus
1096 2814 1259 2878 preponere
1273 2796 1693 2880 scientiarusuampoeticant

408 2894 537 2958 lauribus
552 2895 669 2972 cesaris,
684 2896 742 2979 qui.
754 2893 881 2957 habebat
896 2909 942 2956 tot
963 2893 1061 2956 lauros
1083 2909 1204 2978 propter
1225 2894 1392 2977 triumphos
1413 2893 1540 2958 habitos.
1555 2932 1575 2943 -
1589 2913 1618 2958 et
1631 2898 1694 2959 des·

408 2993 496 3059 cribit
516 2994 618 3072 alium,
638 3014 690 3057 seu
712 3013 914 3069 retrusurus,
935 2994 985 3077 qui
1015 2994 1228 3077 cartaginensis
1258 2991 1322 3070 suit,
1343 2992 1450 3056 ductus
1478 2995 1515 3056 de
1542 2999 1692 3080 cartagine

410 3096 606 3182 romam-qui
627 3095 780 3180 descripsit
802 3113 899 3155 utores
921 3109 951 3156 et
972 3095 1146 3157 varietatem
1175 3093 1342 3157 hominum.
1364 3094 1545 3157 idendicit:
1563 3096 1623 3157 eidi
1645 3095 1693 3159 hic

409 3197 554 3261 Tirenum
575 3217 693 3259 servum
714 3211 743 3258 et
763 3194 888 3258 ductum
909 3217 926 3256 a
948 3194 1090 3277 scipione,
1105 3214 1195 3277 quetn
1210 3192 1370 3256 honestum
1391 3214 1491 3256 carcer
1511 3194 1628 3269 lecerat,
1644 3216 1694 3257 no-

410 3295 499 3359 bilem
520 3310 640 3379 propter
670 3296 833 3378 ingenium,
855 3309 884 3356 et
906 3293 998 3355 multa
1020 3308 1178 3356 ornaverat
1205 3314 1258 3355 sua
1284 3307 1347 3355 arte
1368 3309 1398 3355 et
1422 3294 1543 3377 ingenio
1564 3315 1638 3370 suo;
1665 3310 1695 3357 et

351 3395 355 3401 '
410 3392 509 3455 audivi
537 3396 625 3456 istum
655 3409 773 3457 cantare
801 3408 921 3455 trasturas
949 3386 1165 3455 hominuut'et
1194 3372 1438 3455 iureniliflurta
1466 3410 1496 3455 et
1524 3393 1643 3456 lenones
1665 3410 1694 3457 et

409 3506 487 3555 artes
508 3507 537 3555 et
558 3495 689 3577 sumpsit
709 3493 809 3556 stilum
832 3492 985 3577 palleum,
998 3494 1038 3555 ita
1060 3493 1139 3576 quod
1162 3513 1221 3554 non
1244 3491 1398 3554 videbatur
1419 3492 1499 3577 loqui
1521 3495 1597 3556 sicut
1618 3493 1695 3557 ail'ri·

410 3593 474 3657 cani
496 3607 526 3654 et
546 3589 662 3654 ordinat
682 3611 801 3655 carmen
822 3594 973 3677 poeticum
995 3592 1095 3655 italico
1116 3593 1325 3654 instmmento.

492 3692 567 3753 Hic:
588 3690 627 3754 ibi
648 3692 835 3775 prosequitur
854 3690 1048 3754 describendo
1063 3691 1146 3767 alios,
1162 3707 1191 3753 et
1212 3692 1310 3774 primo
1330 3690 1431 3753 scribit
1452 3692 1612 3776 quemdam
1635 3714 1694 3754 nn-

412 3792 493 3855 mine
514 3811 642 3855 vnnosu.
664 3807 693 3854 et
715 3806 759 3853 est
786 3791 938 3854 sciendum
960 3794 1041 3877 quod
1070 3795 1124 3854 iste
1146 3811 1218 3853 raro
1239 3789 1294 3853 iuit
1315 3789 1530 3853 illustrissimus
1558 3807 1644 3875 poeta
1665 3809 1693 3854 et

413 3888 615 3975 philosophus,
630 3905 660 3952 et
673 3890 778 3953 claruit
800 3908 933 3974 tempore
954 3892 1015 3975 iulij
1033 3893 1149 3962 cesaris,
1166 3908 1194 3954 et
1208 3891 1357 3973 ordinarit
1380 3889 1589 3954 biblioteclram
1604 3893 1711 3975 ipsius.

412 3988 474 4072 iulij
497 3991 614 4066 cesaris,
628 4005 657 4073 et
672 3989 725 4052 luit
741 3991 785 4052 sir
799 3993 986 4053 acutissimus
1008 4011 1211 4066 romanorum,
1234 4007 1263 4053 et
1285 3992 1340 4053 iste
1362 4005 1407 4053 tot
1427 4006 1455 4051 et
1478 4007 1558 4053 tauta
1579 3994 1695 4074 scripsit

412 4089 492 4175 quod
513 4109 573 4152 non
594 4090 710 4152 ridetur
730 4089 840 4175 aliquid
862 4089 983 4175 legisse,
1006 4106 1035 4153 et
1057 4089 1125 4153 iecit
1154 4089 1244 4153 libros
1265 4090 1460 4175 quadraginta
1482 4090 1518 4153 de
1540 4090 1624 4153 rebus
1645 4092 1695 4153 di-

413 4190 508 4267 sinis;
529 4189 596 4252 ideo
622 4190 708 4253 dicit:
732 4192 893 4267 Varonent,
914 4193 965 4275 qui
986 4192 1125 4253 tractarit
1146 4190 1182 4252 de
1205 4189 1291 4253 rebus
1312 4190 1419 4253 divinis
1441 4175 1580 4274 (que'est
1601 4190 1695 4253 alienn

359 4297 362 4302 '
414 4288 517 4373 religio
538 4309 554 4350 a
576 4304 674 4350 nostra
696 4288 855 4373 religione)
870 4305 899 4352 et
914 4289 968 4352 suit
989 4289 1084 4373 gloria
1105 4291 1242 4351 omnium
1259 4310 1371 4365 rerum;
1388 4306 1417 4351 et
1431 4292 1479 4352 cui
1502 4288 1591 4352 nichil
1614 4291 1695 4372 igno

414 4388 488 4475 tanti
509 4386 616 4450 alicubi
645 4403 788 4450 terrarum
817 4387 871 4450 fuir
898 4391 975 4451 sicut
997 4388 1073 4450 l'rrma
1102 4390 1223 4471 antiqua
1246 4388 1370 4450 dicebat.
1393 4405 1422 4450 et
1446 4390 1509 4471 ipse
1530 4389 1643 4470 scripsit
1666 4390 1694 4449 iu

374 4557 376 4561 μ
413 4487 525 4570 poetria
552 4486 590 4548 de
616 4489 720 4551 iasone
747 4488 796 4573 qui
826 4488 879 4549 isit
908 4508 959 4570 pro
981 4486 1091 4549 cellere
1118 4508 1219 4563 aureo,
1242 4504 1270 4549 et
1292 4488 1419 4570 qualiter
1439 4487 1522 4550 duxit
1552 4486 1695 4548 medeam.

412 4585 480 4650 ideo
493 4586 582 4668 dicit:
604 4586 654 4648 sed
669 4607 787 4649 carmen
804 4590 925 4662 lasonis,
940 4586 990 4670 filij
1010 4589 1124 4649 llsouis.
1139 4622 1158 4633 -
1174 4589 1210 4648 Et
1226 4586 1378 4669 descripsit
1394 4588 1485 4649 alium
1501 4602 1628 4671 poetam.
1643 4608 1694 4649 seu

403 4670 521 4763 Verrunt,
535 4686 585 4770 qui
599 4685 751 4771 descripsit
773 4689 887 4771 poetice
908 4687 983 4750 iacta
1004 4686 1149 4761 herculis;
1172 4702 1200 4748 et
1216 4687 1323 4749 dicitur
1338 4686 1450 4749 ercules
1465 4689 1547 4771 quasi
1569 4686 1695 4748 heroum

411 4786 501 4864 celos,
521 4787 603 4872 quasi
625 4785 718 4871 gloria
740 4787 939 4848 dominorum.
962 4822 982 4833 -
1004 4802 1033 4849 et
1054 4786 1207 4871 descripsit
1222 4786 1313 4849 alium
1328 4789 1713 4869 poetam,sessssm,sssx
