4125 5217
839 371 870 420 ll.
892 369 1079 421 bucolicum
1102 371 1233 420 manen
1611 370 1671 440 197

392 650 519 705 sorores,
532 651 591 714 qne
612 645 692 693 tante
713 632 887 693 temeritatis
909 646 938 693 et
959 631 1080 694 audacie
1101 631 1219 694 luerunt
1233 632 1312 715 quod
1327 631 1464 693 dixerunt
1478 652 1509 693 se
1526 630 1600 693 velle
1614 652 1676 694 cer·

393 748 455 793 tare
475 752 544 794 cum
566 732 657 793 nausis
679 746 718 806 et,
740 733 763 793 si
787 732 939 794 vincerent
958 751 1017 806 eas,
1040 731 1177 793 volebant
1198 732 1227 794 in
1249 733 1314 814 ipso
1334 731 1472 805 casteleo,
1489 729 1533 792 vel
1549 751 1674 814 parnaso

392 850 583 913 permanete3
597 846 637 906 et,
650 850 719 892 cum
735 852 751 891 a
766 847 926 893 certamem
948 829 1076 904 luerunt,
1091 832 1163 915 ipse,
1179 831 1333 893 temerarie
1351 850 1385 893 ac
1407 830 1532 913 superbe
1553 832 1675 914 ingenio

393 951 457 1005 suo,
480 945 592 992 mutate
612 946 683 993 sunt
703 930 733 992 in
754 951 834 1005 aves,
854 951 913 1014 que
934 931 1074 993 dicuntur
1095 931 1175 1012 pice:
1191 931 1230 993 ita
1247 952 1306 992 non
1328 930 1408 1014 quod
1428 931 1494 1015 quis
1515 930 1622 993 debeat
1644 952 1676 994 se

393 1049 445 1090 sua
467 1026 602 1111 superbia
623 1028 794 1111 equiparare
815 1029 939 1090 summis
961 1028 1097 1111 ingeniis,
1118 1048 1185 1089 nam
1218 1027 1338 1090 demum
1370 1028 1472 1090 incidit
1503 1029 1533 1090 in
1554 1049 1675 1111 pravam

393 1128 539 1189 iniuriam.
554 1147 623 1189 cum
638 1127 710 1189 dicit
732 1126 878 1211 equibus,
900 1148 952 1190 seu
968 1127 1062 1203 nobis,
1077 1128 1123 1190 die
1140 1128 1246 1189 vidisse
1265 1148 1355 1210 quam
1373 1143 1472 1189 tutum
1486 1128 1589 1190 docuit
1603 1128 1676 1211 pire·

394 1248 466 1288 ueus
488 1243 516 1288 et
538 1227 603 1310 pice
623 1226 759 1288 similiter
778 1226 937 1303 docuere»,
951 1226 1005 1290 hec
1021 1247 1091 1289 uero
1107 1227 1241 1310 exentpla
1255 1226 1368 1290 inducit
1383 1242 1480 1304 autor,
1493 1228 1576 1310 quasi
1598 1227 1677 1290 dicat

394 1327 419 1389 ei
441 1325 574 1410 caliope:
596 1347 669 1390 caue
691 1346 727 1387 ne
748 1327 787 1388 sis
809 1325 918 1390 lrcctus
938 1342 1024 1389 autor
1046 1342 1145 1389 nostre
1166 1327 1236 1389 artis
1268 1342 1298 1389 et
1325 1324 1480 1388 simulator
1508 1327 1678 1403 iniuriosus,

393 1427 473 1511 quod
504 1447 564 1488 non
595 1425 693 1489 credo.
722 1428 799 1489 Nam
824 1441 904 1489 certa
935 1447 1013 1503 sum,
1035 1425 1111 1489 sarm
1142 1442 1171 1489 et
1202 1427 1302 1489 audita
1331 1441 1450 1489 tuorum
1482 1425 1617 1489 laborum
1649 1440 1679 1489 et

393 1526 568 1589 studiorum.
590 1546 660 1589 cum
681 1526 783 1596 dissita,
795 1552 810 1584 <a
824 1524 936 1592 fabaria
957 1527 1016 1588 inm
1035 1526 1147 1612 pridem
1168 1535 1207 1588 erl
1227 1528 1373 1589 rtolissimn
1393 1525 1486 1610 norrijs
1507 1526 1576 1588 lucis
1589 1552 1617 1603 a,
1632 1526 1679 1598 tfel

393 1627 507 1689 inducit
527 1626 582 1689 hec
604 1625 749 1710 esetttpla,
770 1628 854 1711 quasi
875 1627 975 1689 dicens
996 1647 1028 1688 se
1050 1647 1109 1688 non
1130 1648 1194 1690 esse
1214 1627 1251 1688 de
1283 1626 1341 1689 illis
1362 1624 1469 1689 talibus
1489 1627 1539 1712 qui
1563 1626 1680 1709 lingunt

394 1747 426 1789 se
446 1729 572 1790 scientes
594 1744 623 1790 et
645 1726 736 1789 nichil
758 1728 866 1790 isciunt
887 1742 917 1790 et
937 1728 1061 1811 cupiunt
1088 1748 1120 1788 se
1141 1727 1249 1790 habere
1269 1728 1382 1790 scrinea
1411 1726 1496 1812 plena
1523 1725 1678 1801 librorum,

395 1843 428 1890 nt
449 1828 585 1890 credatur
606 1829 685 1911 ipsos
707 1826 801 1890 multa
822 1828 906 1890 scire.
922 1827 992 1891 dicit
1013 1847 1082 1889 seu:
1104 1835 1128 1889 le
1149 1828 1252 1890 uidisse
1273 1847 1323 1889 tros
1342 1847 1443 1912 vagat,
1464 1826 1539 1890 idest
1560 1828 1602 1889 ire
1622 1848 1681 1888 sa-

396 1928 598 2012 gando,'sncro
617 1934 716 1998 irrorate,
738 1926 814 1990 idest
835 1948 887 2012 per
907 1948 1024 1990 sacrum
1045 1942 1178 1989 montem
1200 1948 1357 2010 parnasum
1382 1926 1419 1988 ad
1441 1926 1549 1989 undam
1572 1924 1680 2003 iontis;

395 2048 496 2113 quem,
517 2048 568 2090 seu
600 2026 723 2103 iontem,
744 2027 839 2091 nlnlut
870 2049 965 2112 eqrtns,
986 2030 1096 2113 geniim
1127 2030 1232 2090 cervice
1263 2026 1382 2100 nudate,
1400 2026 1527 2112 perfodit
1556 2026 1681 2112 irripultu

394 2127 482 2213 pedis.
505 2125 615 2192 Fabula
636 2143 681 2190 est
701 2128 737 2191 de
759 2129 903 2210 sanguiue
924 2129 1028 2211 capitis
1051 2128 1295 2191 meduse'natum
1311 2148 1374 2190 esse
1388 2147 1548 2211 pegaseum
1570 2147 1680 2211 equum

397 2226 525 2304 alatum;
539 2229 600 2311 qni,
615 2244 712 2304 natus,
733 2227 832 2291 subito
854 2230 1019 2312 percutiens
1041 2244 1160 2304 terram,
1175 2243 1204 2293 et
1224 2228 1359 2311 prosiluit
1379 2248 1455 2312 aqua
1470 2242 1501 2289 et
1522 2225 1615 2290 lactus
1637 2241 1681 2288 est

397 2325 463 2389 lons
482 2329 533 2413 qni
554 2326 667 2390 elicona
689 2327 806 2403 dicitur,
828 2327 903 2390 idest
924 2327 987 2390 lons
1008 2330 1130 2391 scientie
1151 2330 1318 2411 imparnaso
1332 2326 1416 2390 colle.
1432 2327 1507 2389 idest
1527 2326 1599 2388 dicit
1619 2326 1681 2409 ipsa

397 2425 530 2509 caliope:
546 2428 592 2489 dic
608 2442 638 2490 te
651 2426 741 2490 luisse
761 2428 797 2489 ad
819 2428 910 2503 hunc,
931 2428 1007 2490 idest
1027 2428 1063 2490 ad
1085 2428 1270 2511 superficiem
1292 2428 1414 2491 scientie
1428 2426 1526 2502 huius,
1541 2441 1571 2487 et
1592 2441 1621 2487 te
1641 2424 1683 2487 di-

399 2548 491 2611 gnum
513 2548 577 2590 esse
599 2530 724 2604 merito;
746 2529 790 2591 dic
811 2536 836 2590 le
856 2530 959 2592 virlisse
979 2550 1078 2614 ungas,
1100 2528 1174 2591 idest
1200 2548 1253 2590 nos
1275 2547 1383 2589 novem
1404 2546 1520 2589 sorores
1541 2540 1682 2610 vagantes

398 2628 435 2690 ad
457 2627 566 2691 undam
588 2627 676 2691 sontis
698 2649 787 2713 quem
809 2649 902 2712 equus
923 2629 1028 2704 alatus,
1050 2631 1167 2712 genitus
1188 2630 1303 2691 cervice
1325 2628 1455 2701 meduse,
1470 2625 1543 2688 fodit
1564 2624 1682 2709 inpulsu

399 2727 480 2811 pedis
487 2752 500 2805 ;.
511 2744 542 2791 et
558 2727 610 2791 dic
631 2728 815 2791 noe-etatae
831 2745 973 2792 canentes
989 2746 1077 2792 cunta
1100 2750 1194 2804 nessa,
1209 2729 1284 2790 idest
1299 2729 1438 2790 consinta
1459 2724 1700 2811 hipaniarum...

399 2827 487 2901 bibus,
509 2828 660 2911 inparibus
680 2830 787 2903 corcis,
808 2830 891 2890 vario
913 2829 1104 2892 arrodnlnmine
1118 2849 1232 2890 vectam:
1248 2828 1324 2890 idest
1337 2828 1383 2889 dic
1399 2843 1428 2889 te
1443 2847 1496 2888 nos
1511 2826 1618 2888 vidisse
1638 2846 1683 2887 ca·

400 2941 504 2989 nentes
524 2947 679 3003 connessa,
700 2927 752 2989 sed
774 2928 855 2988 vario
878 2926 1088 3004 modulamine,
1102 2926 1252 3010 inparibus
1272 2925 1404 3000 orbibus,
1419 2925 1496 2987 idest
1517 2922 1683 2986 resolutio-

400 3025 679 3110 nibns;.nam.quid
699 3026 771 3111 quid
792 3043 879 3111 poete
900 3028 1002 3090 dicunt
1023 3029 1052 3089 in
1073 3028 1225 3109 sententiis
1247 3046 1278 3088 se
1300 3026 1492 3100 concordant,
1507 3024 1558 3086 sed
1572 3024 1684 3085 annin

401 3125 506 3202 serbis,
528 3147 597 3188 nam
619 3126 725 3189 modus
746 3126 883 3211 loquendi
907 3129 1003 3189 sarius
1024 3148 1058 3190 ac
1080 3126 1228 3203 differens,
1249 3127 1300 3189 sed
1321 3126 1371 3210 qui
1393 3122 1509 3187 melius.
1534 3125 1574 3186 ita
1596 3124 1682 3186 dicit:

400 3246 454 3288 nos
475 3242 614 3289 canentes
636 3247 779 3303 connexa,
801 3248 853 3289 seu
875 3229 905 3288 in
932 3227 1095 3310 sententiis,
1116 3227 1167 3289 sed
1199 3228 1280 3288 sario
1303 3224 1503 3288 modulamine
1525 3243 1634 3286 vocum
1655 3239 1683 3285 et

399 3325 559 3410 imparibus
574 3327 706 3402 orbibus,
717 3328 793 3389 idest
804 3327 1047 3403 resolutionibus,
1062 3327 1157 3389 modis
1172 3343 1202 3389 et
1215 3326 1304 3403 stilis3
1319 3325 1393 3410 (que
1407 3345 1470 3409 pro:
1486 3326 1530 3409 et)
1546 3340 1684 3387 canentes

385 3429 496 3502 ,varios
517 3434 607 3490 ricolus
628 3429 789 3489 arrianam
817 3448 851 3488 ea'
877 3428 985 3497 ordint,
1006 3429 1083 3490 idest
1112 3429 1175 3490 sine
1195 3428 1308 3504 ordine,
1329 3427 1405 3489 idest
1426 3427 1507 3488 uario
1528 3425 1597 3487 stilo
1617 3425 1685 3487 dic-

399 3526 490 3610 tandj.
512 3527 553 3589 nii
584 3526 664 3590 aliud
692 3527 854 3590 ostendunt
876 3527 1052 3612 phylosophi
1075 3543 1104 3589 et
1126 3528 1243 3610 fingunt
1263 3543 1361 3610 poete,
1383 3527 1437 3588 nisi
1467 3542 1566 3587 motus
1587 3527 1683 3586 uarios

400 3643 430 3689 et
451 3626 555 3704 bonos,
578 3627 672 3689 maios
693 3629 861 3690 animorum
882 3627 1049 3690 hominum.
1063 3664 1074 3675 ·
1089 3628 1160 3713 qnid
1174 3629 1270 3713 titane:
1286 3627 1458 3691 Notandum
1474 3642 1518 3687 est
1532 3646 1567 3687 es
1581 3624 1684 3686 ordine

398 3725 470 3811 quid
490 3726 562 3812 quid
582 3729 716 3810 superius
736 3728 796 3789 dixi
818 3727 854 3789 de
886 3718 988 3803 musis,
1009 3749 1077 3789 nam
1109 3730 1208 3790 onmia
1230 3728 1278 3789 hic
1300 3728 1408 3809 passim
1430 3740 1602 3808 tanguntur.
1623 3759 1633 3771 ·
1654 3741 1684 3786 et

398 3826 465 3890 dic:
487 3826 558 3911 quid
578 3847 660 3888 aerior
679 3827 820 3911 predulcis
842 3835 918 3909 agal,
940 3827 1015 3889 idest
1037 3829 1129 3910 prima
1151 3848 1235 3889 musa
1249 3848 1302 3889 seu
1317 3826 1382 3889 ctio
1403 3845 1462 3909 que
1482 3826 1595 3907 cogitat
1616 3844 1684 3886 con·

399 3925 534 4008 ponenda
545 3925 690 3989 desiderio
701 3926 787 4002 latare,
801 3962 812 3974 -
825 3929 954 4010 vocisque
968 3927 1105 3997 ictuatum,
1119 3927 1194 3989 idest
1209 3926 1337 3989 secunda
1353 3929 1491 4009 Euterpe,
1506 3945 1564 4008 que
1579 3944 1683 3987 vocem

398 4025 511 4101 elevat;
532 4060 543 4073 ·
563 4026 634 4110 quid
652 4026 778 4089 studium
799 4026 962 4112 ingeniique
983 4028 1076 4112 uigor,
1098 4046 1155 4109 que
1183 4047 1215 4087 se
1235 4024 1365 4088 oblectat
1386 4028 1416 4087 in
1438 4028 1507 4108 ipsis
1529 4025 1633 4103 studiis
1655 4040 1684 4085 ct

398 4127 544 4209 ingeoijs;
565 4159 575 4173 ·
596 4125 666 4209 quid
686 4145 738 4187 orn
769 4126 845 4188 culm
866 4128 969 4189 miraris
990 4125 1098 4210 cerebri
1118 4133 1194 4209 ugni,
1227 4127 1301 4187 idest
1324 4125 1391 4187 talia
1413 4146 1471 4209 que
1492 4110 1683 4208 prenteditata

398 4227 477 4310 capit
499 4226 690 4300 ntemoriam3
711 4260 721 4273 ·
740 4232 803 4310 posi
824 4224 871 4287 hec
892 4228 955 4310 quis
977 4248 1043 4287 reram
1064 4228 1182 4310 inpetus,
1204 4226 1279 4288 idest
1301 4224 1422 4307 pnlimia
1443 4247 1500 4310 que
1522 4241 1684 4287 tuetnnrata

399 4342 429 4389 et
450 4327 568 4389 inventa
592 4328 698 4389 retinet
719 4343 747 4388 et
769 4327 804 4389 ad
827 4342 944 4409 tempus
966 4326 1070 4401 fundit,
1092 4348 1145 4389 nec
1171 4329 1239 4389 sinit
1262 4347 1295 4388 ea
1317 4328 1358 4388 ire
1373 4326 1532 4408 oblisinnj;
1546 4362 1557 4374 ·
1572 4334 1596 4387 el
1611 4326 1687 4410 quud

399 4425 546 4498 iudicium,
567 4426 643 4488 idest
665 4427 806 4489 tersicote
826 4448 885 4511 que
906 4427 1016 4489 iudicat
1038 4426 1186 4489 retinenda
1199 4450 1208 4503 ;
1222 4463 1232 4473 ·
1247 4447 1367 4511 qmanrm
1388 4435 1427 4489 rs!
1446 4428 1575 4488 discretio
1596 4424 1687 4488 ellum·

401 4528 509 4598 atteritis,
531 4526 606 4588 idest
628 4528 746 4589 eurania
771 4548 829 4611 qne
850 4526 970 4588 melior-a
995 4527 1098 4610 probat
1113 4543 1141 4589 ct
1158 4528 1253 4589 noscit
1269 4544 1298 4589 et
1314 4526 1430 4600 laudat;
1444 4561 1454 4573 ·
1470 4526 1572 4610 qnid-tu
1591 4535 1688 4610 poteras

401 4627 521 4688 nndcere
542 4646 635 4699 arares,
657 4627 731 4688 idest
752 4628 815 4710 ipsa
836 4627 951 4710 calinpe
971 4648 1029 4711 que
1050 4627 1127 4690 dulci
1151 4629 1314 4689 sonoritate
1335 4626 1449 4688 mulcet
1469 4647 1584 4690 amesa
1609 4641 1648 4681 ex
1662 4627 1699 4677 ‘m

394 4725 455 4812 fine
475 4727 533 4803 dic,
553 4746 572 4788 o
594 4725 730 4812 dampne,
751 4726 864 4792 diserte
884 4727 945 4795 hnc
966 4728 1091 4818 lupaces
1111 4726 1382 4804 oculos·,ibest,o
1396 4716 1674 4799 hanxpue,xe{sss
1681 4726 1740 4806 sss
