4125 5217
813 393 844 441 ll,
867 392 1054 443 PUOOLlCUbl
1078 394 1210 441 curtatus
1593 393 1650 463 143

369 654 536 750 Accedo,
565 673 602 737 et
631 652 811 736 brevibus
842 674 1048 761 percontor
1077 652 1247 761 plurima
1276 651 1413 736 verbis.

371 782 501 880 lussus
530 779 577 863 ab
606 779 682 864 hoc
712 782 846 862 Asiam
877 780 1080 888 graiasque
1111 779 1277 862 invisere
1305 800 1436 877 terras,
1633 822 1660 861 sn

371 897 445 991 vix'
474 906 653 991 Athesim
683 908 896 1011 attigeram,
928 907 1036 1015 patrii
1067 934 1145 1015 qua
1175 905 1311 989 limina
1342 909 1490 991 montis

370 1036 520 1119 Deserit
549 1055 586 1117 et
614 1033 713 1117 letos
743 1032 897 1139 fugiens
926 1033 1173 1142 amplectitur
1202 1062 1331 1140 agros,

371 1162 467 1246 Ecce
494 1162 650 1245 veronei
682 1189 747 1269 per
775 1181 882 1268 prata
909 1162 1072 1243 virentia
1101 1161 1237 1243 Martis

330 1363 347 1368 ,.
372 1290 430 1373 lre
457 1288 558 1372 duos
586 1286 720 1379 video;
750 1288 854 1370 canit
882 1287 957 1382 hic,
987 1286 1082 1394 legit
1112 1286 1179 1370 ille
1207 1285 1361 1370 salubre

373 1416 590 1501 Herbarum
618 1443 742 1522 genus
772 1436 809 1498 et
839 1416 967 1523 pecori
997 1415 1126 1497 bonus
1157 1413 1326 1522 applicat
1354 1443 1461 1521 egro.

374 1540 625 1650 Progredior:
656 1539 893 1648 Calidusque
921 1544 1090 1649 Aponus
1119 1539 1352 1647 gelidusque
1380 1540 1573 1623 Timavus

333 1744 338 1757 .
368 1668 453 1774 Jam
482 1667 616 1776 spatiis
645 1669 757 1776 equis
786 1665 954 1763 aberant,
983 1666 1078 1750 dum
1110 1666 1274 1775 pervigil
1304 1665 1383 1749 alas

373 1795 698 1903 Intempestivum
727 1795 904 1904 quatiens
934 1794 1180 1902 dominoque
1209 1792 1436 1890 molestum,

375 1923 609 2032 Perstrepuit
638 1922 726 2006 levo
756 1922 848 2005 villa
876 1922 923 2005 de
951 1921 1124 2005 culmine
1153 1920 1311 2013 Gallus;

375 2051 483 2147 Mox,
513 2049 653 2133 baculo
681 2077 879 2144 excussus,
909 2070 1079 2132 mestum
1109 2046 1334 2132 cantoribus
1363 2076 1481 2130 omen

374 2177 542 2262 Prebuit.
574 2177 677 2260 Hinc
706 2176 818 2259 nullo
848 2176 1070 2259 resonantia
1099 2175 1213 2259 litora
1243 2196 1371 2272 cantu,

372 2304 670 2412 Procurvosque
698 2303 808 2386 sinus
838 2305 976 2387 tacitus
1005 2330 1160 2411 sequor.
1192 2301 1325 2385 Obvia
1353 2302 1509 2385 tandem

375 2431 477 2518 Rura
504 2459 648 2514 sonora
678 2431 869 2526 animum,
899 2457 1118 2537 vocemque
1147 2450 1184 2512 et
1212 2428 1328 2511 rerba
1356 2428 1504 2512 dedere.

373 2557 506 2639 Letior
533 2555 599 2639 illa
628 2555 729 2662 lego.
760 2557 968 2665 Smyrnam
999 2556 1073 2637 sub
1103 2554 1180 2638 fine
1209 2555 1362 2638 viarum

374 2684 621 2779 Perventum,
651 2711 864 2791 cecunrque
892 2711 1039 2777 senem,
1070 2683 1137 2765 sed
1168 2681 1292 2766 multa
1320 2682 1514 2766 ridentem
1637 2710 1649 2743 ⁶

362 2810 752 2918 ·Coneenio.··quue,
783 2808 881 2892 ltalo
911 2811 1077 2892 missurn
1109 2831 1151 2893 ut
1180 2811 1370 2915 cognovit
1399 2807 1445 2891 ab
1475 2806 1580 2901 orbe,

379 2935 576 3032 Prosiluit,
605 2935 856 3045 dextramque
884 2936 1000 3032 dedit,
1031 2963 1320 3043 nemorumque
1349 2934 1547 3043 profundo

379 3063 570 3148 Accubitu
600 3084 636 3146 et
664 3062 772 3147 lusca
795 3062 957 3148 lessum
968 3064 1145 3147 statione
1175 3063 1329 3170 recepit,

379 3190 679 3299 Attonitumque
709 3218 828 3273 manu
858 3190 1119 3298 penetralibus
1150 3189 1283 3272 intulit
1312 3187 1472 3271 umbris.

260 3345 264 3352 ·
384 3317 483 3426 Figo
512 3317 664 3415 oculos,
693 3338 729 3400 et
759 3339 896 3401 cuncta
925 3316 1050 3399 libens
1079 3338 1116 3400 et
1145 3314 1302 3424 singula
1331 3316 1476 3398 circum

381 3443 474 3527 Visa
503 3465 613 3539 noto,
643 3444 909 3552 cupidumque
938 3443 1046 3526 fruor
1073 3471 1256 3525 sermone
1284 3443 1398 3525 senili

307 3648 310 3655 ,
380 3570 579 3654 lnsolitus.
611 3572 690 3666 Dii,
720 3569 875 3680 qualer'n
906 3570 1133 3653 hominem!
1166 3568 1276 3667 Quid
1307 3569 1427 3652 dicite
1455 3570 1540 3652 celo

380 3695 614 3781 Subtrahitis
643 3718 738 3781 terre
767 3726 895 3781 rarum
926 3696 1039 3779 breve
1068 3725 1214 3779 nrunus
1243 3697 1399 3803 egenti?
1428 3718 1438 3739 ·

383 3825 502 3907 Hunc.
528 3809 661 3931 magni
691 3826 836 3907 circum
867 3825 1044 3919 conriteS,
1075 3823 1286 3906 lectissima
1315 3822 1438 3918 turba,

381 3951 553 4034 Stabant.
585 3952 693 4034 quta
721 3973 850 4033 autem
881 3952 1008 4033 cuntis
1036 3948 1248 4032 sublimior
1276 3977 1390 4043 unua,

382 4076 457 4160 Cui
485 4104 602 4183 grege
630 4076 677 4159 de
705 4098 791 4160 toto
820 4106 1026 4185 supremus
1056 4096 1219 4158 cesserat
1248 4075 1391 4170 hircus,

383 4204 588 4300 Fortunas,
618 4232 806 4312 casusque
834 4203 978 4286 ducum
1010 4231 1226 4311 regumque
1255 4202 1425 4285 canebat.

382 4330 466 4413 Nec
495 4357 627 4412 casum
657 4349 786 4411 tamen
817 4329 881 4411 ille
911 4358 1026 4411 suum
1057 4351 1283 4437 sortemque
1313 4348 1521 4436 repostam,

383 4458 466 4540 Nec
494 4457 621 4539 tristes
651 4457 690 4537 in
720 4476 825 4563 terga
854 4484 967 4538 canes
997 4457 1137 4537 instare
1167 4454 1334 4549 ridebat,

454 4731 487 4787 V.
507 4742 558 4799 532
577 4731 690 4784 Veronei
700 4768 707 4784 .
718 4768 743 4785 ..
762 4732 860 4784 mertis.
880 4760 889 4773 ·
908 4733 940 4784 V.
960 4743 1008 4796 72:
1027 4732 1064 4783 dii
1075 4773 1082 4789 .
1093 4768 1100 4785 .
1110 4774 1118 4789 ,
1128 4732 1200 4800 quirl,
