4125 5217
185 1368 202 1395 r.
219 1363 321 1404 115-123

192 4478 213 4502 v.
228 4476 282 4514 sss·
294 4477 333 4515 ¹²3

394 372 460 441 262
898 381 1051 434 unromo
1074 382 1181 430 nvem

394 675 451 719 suo
472 651 599 737 perfodit
620 648 747 711 bornum
768 662 798 709 et
826 666 930 709 saxum
957 666 975 706 e
996 661 1121 727 parnaso
1141 655 1245 705 monte
1266 643 1378 716 Boetie,
1400 640 1448 703 ubi
1470 639 1599 727 ltelyeon
1619 641 1684 706 lons

397 755 491 819 blusis
512 767 655 814 sacratus.
677 783 697 795 -
718 766 812 809 retra:
832 766 921 829 opera
944 760 1059 806 nature.
1079 776 1090 791 ·
1110 740 1244 803 orbibus:
1265 739 1392 804 circulis.
1414 775 1425 789 ·
1444 743 1528 803 vario
1549 741 1685 803 modula·

372 857 493 916 nune:
516 853 584 937 quia
614 848 720 933 triplex
749 846 834 910 stilus
864 848 1006 929 poeticus,
1028 864 1080 905 seu
1109 843 1249 924 tragicus,
1274 843 1418 926 satyricus
1446 856 1476 903 et
1503 842 1645 903 couneus.
1665 875 1687 889 -

398 963 507 1016 neutras:
530 953 681 1035 passiones
702 949 804 1011 animi.
825 982 836 994 ·
857 944 1036 1031 imparibus:
1057 941 1114 1005 celi
1142 956 1172 1004 et
1198 940 1285 1003 orbes
1305 957 1374 1003 snm
1396 941 1467 1022 ruti,
1496 959 1604 1002 novem
1629 961 1688 1002 an-

400 1054 537 1137 gelorum
559 1050 712 1124 ierarclrie,
733 1065 763 1110 et
785 1049 898 1109 trinitas
920 1060 1059 1106 causatur
1079 1042 1185 1124 dispari
1208 1060 1341 1103 numero.
1363 1042 1447 1102 bluse
1469 1060 1576 1101 nomm
1599 1056 1687 1115 sunt;

400 1153 512 1237 aliqui:
535 1152 596 1233 vitri
618 1170 729 1231 organa
753 1147 954 1229 eloquentiam
977 1143 1178 1205 ministrantes
1199 1143 1278 1203 sicut
1299 1141 1337 1223 rnj
1361 1140 1473 1215 dentes,
1490 1160 1507 1203 u
1531 1138 1615 1214 labia,
1638 1160 1688 1223 gu·

400 1270 479 1327 etur,
500 1250 737 1335 pulmuetcor.
1172 1303 1177 1311 ,
1549 1285 1551 1287 -

485 1353 588 1413 blusr:
612 1346 785 1430 Fulgentius
807 1365 915 1406 ttot'eut
939 1346 1039 1405 Musas
1053 1341 1176 1403 scientie
1191 1356 1220 1401 et
1234 1338 1368 1402 doctrine
1382 1338 1486 1399 rnndns
1500 1338 1581 1400 dicit.
1596 1339 1689 1421 prima

404 1450 483 1536 Clyo
505 1450 579 1512 idest
606 1447 750 1531 cogitatio
778 1444 919 1506 discendi.
940 1441 1033 1527 Clyos
1061 1460 1158 1523 grece,
1184 1439 1274 1501 latine
1301 1437 1377 1500 [mm
1405 1441 1523 1514 dicitur,
1544 1454 1573 1500 et
1598 1457 1690 1523 quum

402 1544 874 1630 nultusscienrian.encrensi
898 1545 927 1606 in
944 1547 1104 1626 qualame
1121 1562 1182 1605 ¹sne
1204 1538 1330 1624 protelet
1350 1537 1692 1623 dignitatern.ob,.lraac

403 1672 469 1713 rem
489 1649 585 1732 prima
612 1647 690 1731 Clyo
717 1645 852 1729 appelata
880 1658 935 1718 est,
958 1642 1031 1703 idest
1059 1642 1202 1724 cogitatio
1230 1639 1378 1725 querende
1405 1641 1535 1701 scientie.
1557 1638 1692 1701 Secunda

405 1754 544 1832 liuterpe,
565 1768 623 1831 que
646 1746 721 1808 bene
741 1744 890 1807 deiectius
911 1744 1035 1817 dicitur3
1058 1761 1127 1802 nam
1148 1743 1277 1825 primum
1299 1742 1452 1802 scientiam
1466 1740 1628 1824 querimus,
1641 1758 1692 1801 se·

403 1849 504 1913 cundo
524 1846 675 1921 delectari,
696 1847 786 1908 tertio
808 1843 943 1905 meditari
965 1844 994 1904 in
1015 1842 1131 1925 quesito
1153 1858 1183 1904 et
1204 1839 1360 1903 delectato.
1380 1842 1497 1916 Quarta
1513 1838 1605 1915 ltalia,
1619 1839 1693 1901 idest

403 1949 552 2032 capacitas
573 1966 632 2031 que
652 1948 677 2007 si
698 1947 814 2008 dicatur
835 1941 1030 2028 Thythoulia,
1053 1941 1128 2003 idest
1157 1962 1269 2024 ponens
1298 1946 1440 2024 genuina.
1463 1942 1579 2015 Quinta
1600 1937 1695 2025 Poly·

405 2050 464 2111 mia
485 2067 545 2131 que
570 2045 640 2131 polu
662 2066 798 2115 nnrrman,
820 2044 895 2106 idest
923 2041 1048 2104 multam
1071 2043 1245 2103 ntetnoriam
1268 2040 1386 2117 iaciens,
1407 2042 1475 2126 quia
1498 2056 1564 2124 post
1584 2041 1695 2123 capaci·
1761 2047 1768 2064 ⁶

405 2163 498 2209 tatem
520 2146 665 2207 memoria
686 2160 731 2206 est
754 2144 925 2205 necessaria.
947 2144 1037 2204 Sexta
1059 2141 1181 2216 Eratho,
1195 2140 1271 2201 idest
1288 2160 1520 2212 ruruucomennn,
1541 2140 1620 2225 quod
1642 2161 1695 2202 uos

405 2246 498 2310 latine
518 2245 664 2307 invenicus
684 2242 781 2307 simile
802 2244 938 2318 dicitnus,
959 2242 1029 2325 quia
1058 2255 1125 2325 post
1146 2241 1299 2303 scientiam
1327 2255 1357 2303 et
1384 2241 1559 2303 memoriam
1586 2243 1696 2303 iustum

405 2358 500 2409 estut
519 2343 630 2428 aliquid
651 2343 748 2405 simile
768 2329 946 2404 inveniatur.
969 2343 1102 2425 Septima
1124 2340 1321 2425 Thersycore,
1337 2341 1411 2402 idest
1427 2341 1575 2403 delectans
1593 2343 1697 2404 instru-

406 2446 551 2519 ctionem,
572 2444 641 2527 quia
669 2458 737 2526 post
758 2444 913 2504 inventum
935 2441 1085 2503 diudicare
1107 2441 1203 2524 ipsum
1224 2456 1352 2524 oportet.
1375 2443 1496 2526 Uranya
1517 2457 1622 2503 octava
1643 2456 1697 2516 est,

407 2546 485 2606 idest
506 2542 644 2619 celestis3
665 2557 733 2625 post
754 2542 984 2604 diudicationem
1007 2540 1091 2624 eligis
1112 2541 1183 2625 quid
1204 2540 1295 2617 dicas,
1315 2542 1385 2625 quid
1407 2542 1569 2624 despicias3
1590 2540 1699 2625 eligere
1738 2593 1741 2600 .

408 2642 489 2727 quod
518 2657 563 2703 est
592 2640 664 2703 utile
690 2642 852 2703 etcaduca
881 2641 1031 2723 despicere
1060 2639 1169 2703 celeste
1197 2642 1349 2725 ingenium
1371 2658 1425 2702 est.
1451 2644 1536 2704 Nona
1558 2640 1699 2725 Calyope,

407 2742 486 2804 idest
505 2742 619 2824 optima
641 2761 700 2801 vox
722 2741 738 2822 (
759 2742 785 2824 ).

490 2839 608 2903 collem:
630 2839 814 2923 capitolium.
836 2875 855 2887 -
877 2841 1052 2924 imperiosus,
1075 2839 1149 2902 idest
1172 2839 1275 2922 plenus
1290 2840 1404 2924 imperii
1420 2855 1449 2901 et
1463 2840 1616 2924 dignitate,
1630 2841 1698 2925 quia

410 2948 507 3007 Roma
527 2939 607 3003 orbis
629 2956 673 3001 est
694 2939 816 3002 domina
838 2956 867 3001 et
888 2942 952 3002 iura
979 2939 1029 3000 dat
1056 2939 1205 3002 omnibus·
1226 2973 1237 2988 ·
1261 2946 1407 3024 pastores:
1431 2944 1624 3023 Imperatores
1647 2961 1700 3003 ro-

409 3062 588 3104 manorum..
601 3040 728 3102 -m'aa's
737 3039 888 3102 turrilum:
910 3042 1072 3122 imperator
1085 3038 1205 3102 sedebat
1219 3041 1249 3102 in
1263 3060 1351 3102 curru
1366 3040 1485 3102 indutus
1500 3056 1582 3102 reste
1602 3062 1700 3117 aurea,

409 3161 500 3223 quem
522 3160 642 3202 currum
667 3140 705 3220 rnj
729 3138 870 3201 albissimi
897 3138 1043 3201 ducebant
1065 3140 1131 3223 equi
1161 3155 1189 3201 et
1219 3138 1381 3202 vehebatur
1402 3139 1438 3201 ad
1460 3140 1604 3223 templum
1625 3142 1700 3203 iovis

410 3241 516 3323 optimi
539 3240 662 3301 maximi
685 3258 777 3321 prope
792 3238 972 3321 Capitolium
987 3239 1066 3321 quod
1083 3237 1227 3322 templum
1243 3261 1321 3302 nunc
1337 3256 1381 3301 est
1403 3241 1471 3302 edes
1492 3255 1593 3303 sancte
1608 3244 1701 3304 Marie

410 3357 496 3399 aerea
516 3335 584 3413 celi,
606 3351 635 3399 et
656 3336 762 3399 deinde
783 3336 819 3399 ad
841 3336 1015 3419 capitolium
1030 3337 1255 3400 descendebant.
1270 3373 1280 3385 ·
1293 3359 1410 3423 greges:
1431 3338 1589 3422 populns·
1606 3342 1702 3403 itt-ruu-

411 3457 475 3499 cos:
499 3457 594 3520 reges,
615 3436 663 3499 rel
685 3438 832 3520 principes
854 3453 1028 3520 superatos,
1050 3436 1095 3499 rel
1117 3440 1186 3521 quia
1207 3439 1324 3500 iuvenci
1354 3439 1584 3501 immolabantur
1605 3442 1700 3503 sacri-

412 3535 497 3619 ficiis.
516 3571 528 3584 ·
545 3534 727 3621 yperborcis:
750 3537 898 3620 lperborei
913 3555 982 3600 sunt
998 3554 1115 3600 ntoutes
1137 3538 1249 3601 Scitlrie
1263 3540 1293 3601 in
1308 3540 1430 3602 asiatico
1451 3541 1571 3603 occeani
1593 3540 1701 3615 littore,

411 3634 467 3696 sub
487 3637 553 3718 ipso
573 3635 703 3698 siderum
733 3636 861 3699 cardine.
890 3637 1037 3719 lperborei
1066 3639 1137 3700 dicti
1166 3639 1303 3722 eoquod
1332 3637 1408 3701 ultra
1431 3661 1480 3701 eos
1509 3640 1560 3703 ilat
1582 3642 1698 3702 Bnreas.

412 3734 574 3818 inquibus
597 3734 671 3798 locis
693 3738 820 3800 Romani
842 3736 951 3799 multas
973 3738 1113 3799 victorias
1139 3738 1315 3800 habuerunt.
1335 3773 1346 3785 ·
1369 3738 1546 3823 Griplu'lns:
1569 3742 1703 3823 Pompo-

411 3835 478 3894 nius
499 3833 580 3895 Mela
601 3833 761 3897 historicus
782 3834 854 3898 dicit
869 3835 965 3898 Griles
986 3858 1055 3898 aues
1071 3838 1260 3920 permaximis
1275 3839 1305 3898 in
1320 3838 1431 3900 Scithie
1446 3838 1576 3921 partibus
1596 3860 1702 3901 aurum

411 3933 562 3995 custodire
583 3936 613 3995 in
634 3936 741 4004 arenis,
763 3951 792 3998 et
815 3956 875 3996 non
897 3937 1072 4018 permittunt
1093 3936 1222 4020 aliquem
1244 3938 1417 4019 contingere
1439 3954 1467 3999 et
1489 3937 1608 4021 ungulis
1629 3936 1702 4001 lace·

412 4047 478 4093 rant
500 4033 596 4115 ipsum
619 4024 792 4118 tangentem
814 4055 930 4097 aurum.
946 4034 1097 4118 Allegoria
1112 4052 1172 4113 est;
1188 4058 1240 4120 per
1254 4036 1344 4120 grilos
1359 4036 1551 4122 intelligimus
1566 4038 1702 4101 homiues

485 4448 524 4511 (t)
542 4443 598 4516 [Cs]
616 4448 775 4513 inparibus:
796 4449 863 4500 Nem
881 4451 945 4501 (leus
969 4452 1064 4518 gaudet
1091 4451 1182 4519 impari
1208 4467 1324 4512 numero,
1349 4451 1389 4502 vel
1407 4468 1454 4520 per
1472 4452 1528 4519 t'tttj
1547 4468 1643 4511 musas,
1661 4450 1701 4502 vel

410 4534 474 4603 qnia
492 4536 550 4602 vntj
570 4546 630 4587 sunt
648 4537 706 4598 celi,
725 4538 764 4589 rel
783 4539 844 4605 quia
863 4552 921 4591 vntt
940 4551 1000 4592 sunt
1018 4541 1122 4593 ordines
1141 4542 1300 4609 angelorum.
1313 4570 1322 4579 ·
1334 4538 1389 4611 [Cr]
1394 4543 1484 4607 firme:
1496 4559 1549 4610 quo
1566 4542 1598 4592 ed
1616 4541 1674 4592 elio.¹
1692 4568 1702 4580 ·

409 4626 544 4677 sucdianus
561 4627 595 4677 arl
614 4628 811 4695 melpomenern.
825 4659 833 4668 -
846 4633 960 4698 ingenr'j:
972 4632 1006 4682 ad
1019 4632 1087 4682 talia.
1101 4661 1110 4671 ·
1122 4635 1233 4685 onmis:
1249 4632 1356 4699 polinis.
1368 4662 1377 4672 ·
1390 4634 1533 4683 iudicium:
1550 4630 1679 4683 tersieore.
1692 4659 1702 4671 ·

411 4720 520 4782 regina:
539 4716 645 4784 ealiope.
664 4746 673 4756 ·
691 4720 822 4770 lrrrnonr't:
841 4720 975 4785 Tlresalit5
993 4722 1080 4789 lugam
1098 4740 1176 4789 quam
1195 4722 1276 4773 iecisti
1295 4723 1388 4774 timore
1406 4721 1483 4790 phebi
1502 4723 1528 4773 iu
1548 4720 1645 4773 tesalie.
