4125 5217
400 346 461 435 t78
903 361 1055 414 tauronto
1077 363 1185 412 aesna

402 499 625 511 *oa—m-

396 627 536 709 precipue
564 628 758 708 cogitatione,
780 641 909 687 anortetn
939 626 1015 706 regis
1037 625 1145 686 andree
1174 623 1269 686 fratris
1291 623 1417 686 lodus-ici
1446 625 1568 707 ungarie
1591 627 1687 706 regis,

399 744 427 788 et
444 726 573 808 Jirluriuu
595 726 758 787 ‹lescnnlere
773 726 879 809 frutetis
894 723 1007 796 saltatlis,
1022 725 1097 786 idest
1119 723 1196 785 arnale
1217 725 1411 805 cogitationes
1433 726 1537 805 etipsa
1559 725 1687 787 crudelia

400 848 457 909 qne
472 826 684 887 ordinabantur
695 840 837 907 ceperunt
853 825 958 898 scrire,
973 845 1023 886 seu
1042 824 1160 886 esclusa
1177 825 1204 884 in
1221 841 1332 905 aperto,
1347 844 1414 886 cnrn
1430 824 1465 885 nd
1482 840 1606 886 tratartetn
1619 825 1686 885 dicti

402 928 477 1005 regis
500 945 660 1008 peruenere
681 923 799 985 intattda
822 944 913 985 ntanu
935 939 965 985 et
986 925 1084 1005 ipsunt
1105 924 1277 985 occiderunt
1298 923 1453 994 derisorie3
1468 939 1497 985 et
1519 925 1583 984 ideo
1598 924 1687 984 dicit:

385 1025 501 1088 =.lltior
521 1033 674 1108 suspensus.
698 1026 865 1106 (lupressus
886 1037 930 1084 est
951 1024 1072 1092 directa,
1094 1023 1152 1084 alta
1175 1040 1203 1084 et
1225 1022 1454 1105 odoriferaque
1476 1043 1591 1104 setnper
1606 1024 1688 1083 ciret.

403 1126 458 1187 Per
480 1123 554 1186 lunae
586 1123 763 1205 intelligitur
794 1125 857 1204 ipse
880 1143 930 1184 res
961 1123 1084 1185 andreas
1105 1124 1155 1205 qui
1189 1143 1324 1202 anagnus,
1357 1123 1449 1183 bannus
1482 1137 1510 1183 et
1544 1124 1689 1184 sirinnan

403 1238 475 1297 erat,
498 1239 525 1286 et
538 1243 598 1308 res
621 1225 779 1284 transimus.
801 1223 920 1292 currttil,
942 1222 1017 1283 idest
1040 1222 1159 1289 recedit,
1180 1225 1290 1305 pertitus
1311 1222 1453 1286 cantuarini.
1473 1223 1544 1282 idest
1561 1239 1691 1304 perenta,

403 1321 511 1385 ellaeecn
524 1322 656 1406 ferugine,
675 1322 750 1383 idest
764 1320 864 1383 furore
877 1323 1010 1403 ipsornnt
1025 1320 1172 1381 anainrurn
1189 1322 1329 1381 uirorutn.
1346 1321 1411 1381 ideo
1425 1320 1504 1382 dicit:
1519 1320 1688 1381 «ethereus

403 1422 470 1505 quia
500 1423 622 1504 nnmgui
644 1422 698 1482 tiri
721 1437 751 1483 et
772 1419 887 1481 nobiles
916 1419 1033 1481 fuerunt
1055 1421 1105 1502 qui
1135 1439 1204 1480 eurn
1232 1420 1412 1490 occiderunt,
1435 1439 1487 1481 nec
1516 1417 1641 1502 populus
1662 1435 1690 1480 ct

405 1520 513 1603 uulgus
535 1519 645 1604 aliquid
667 1520 704 1583 de
725 1519 783 1582 lanc
806 1520 907 1581 sensit.
922 1553 933 1567 ·
948 1526 974 1579 el
993 1518 1076 1580 eolles
1097 1521 1231 1580 stlttsttsst'l
1252 1525 1278 1581 el
1297 1539 1380 1589 arran,
1396 1520 1469 1581 idest
1485 1520 1631 1581 concussit
1644 1540 1693 1578 no

406 1619 478 1682 biles
500 1637 530 1683 et
559 1619 726 1703 ignobiles3
750 1640 820 1682 uatn
842 1635 964 1702 propter
991 1634 1108 1680 tnontes
1124 1617 1349 1699 intelligendum
1377 1635 1422 1682 est
1449 1640 1573 1703 taragnns
1602 1620 1691 1688 siros,

404 1735 524 1803 propter
545 1738 616 1780 uero
644 1740 713 1780 arun
736 1717 864 1802 populus
886 1733 915 1779 et
944 1717 1111 1799 ingnobiles
1132 1718 1207 1799 t·irj;
1230 1737 1298 1779 nun
1326 1734 1453 1780 ntortetn
1481 1737 1584 1779 otttttcs
1609 1718 1692 1778 istius

403 1834 559 1881 senserunt
580 1838 691 1899 magno
712 1816 887 1891 infortunio,
908 1837 976 1877 nnnt
999 1831 1066 1899 post
1088 1816 1209 1878 tnodutn
1233 1816 1394 1892 ltadcnicus,
1418 1837 1467 1878 res
1495 1816 1627 1898 ungarie,
1651 1835 1693 1876 ar·

405 1932 485 1980 mats
506 1937 596 1979 nrattu
617 1918 752 2000 persenit
773 1917 809 1977 ad
825 1916 1034 1978 uindicandum
1056 1914 1175 1977 tratrem
1197 1936 1295 1990 suunt,
1309 1918 1392 1978 cuius
1413 1936 1516 1977 tttltncs
1530 1932 1708 1985 senserunt„

405 2051 424 2062 -
442 2016 607 2100 cupressus,
638 2014 716 2090 dico,
737 2014 805 2078 solis
827 2036 919 2076 utatur.
939 2017 1003 2078 Hec
1035 2014 1131 2077 fabula
1161 2013 1287 2076 liabetur
1306 2015 1336 2077 in
1358 2016 1457 2077 ovidio
1485 2016 1598 2086 ttaaiori,
1626 2035 1695 2098 qun·

405 2111 473 2175 liter
492 2112 548 2189 sol,
568 2133 620 2175 seu
649 2114 774 2197 phebus,
795 2114 899 2176 dilexit
926 2115 1113 2197 ciparissutn‚
1134 2135 1186 2175 seu
1208 2134 1399 2197 cupressum
1430 2113 1480 2187 sed
1509 2115 1623 2195 poetice
1644 2112 1693 2174 lo-

405 2212 534 2296 quendo,
545 2232 615 2275 eutn
626 2213 698 2276 dicit
714 2234 898 2296 «cupressus
913 2213 983 2275 solis
998 2235 1119 2288 sutor»,
1132 2213 1310 2296 iutelligitur
1322 2234 1487 2295 cupressus,
1499 2213 1572 2274 idest
1586 2233 1634 2274 res
1646 2235 1694 2274 an·

405 2311 500 2385 dreas,
521 2331 606 2373 antor
626 2311 706 2387 solis,
729 2314 803 2375 idest
828 2314 905 2396 regis
927 2312 1047 2387 roberti,
1069 2315 1119 2398 qui
1142 2314 1170 2374 in
1193 2312 1249 2375 boc
1271 2311 1381 2386 seculo,
1405 2327 1536 2395 respectu
1568 2311 1692 2374 alioruin

406 2412 537 2472 uirorunt
559 2426 589 2472 et
611 2432 726 2493 regnan,
747 2411 792 2473 sol
816 2426 845 2474 et
866 2414 953 2474 unica
976 2411 1025 2473 lus
1048 2410 1102 2474 snit
1123 2412 1264 2495 snpientia
1287 2428 1315 2473 et
1337 2414 1454 2474 uirtute.
1476 2419 1541 2472 -el
1561 2413 1609 2495 piu
1625 2431 1694 2472 eruo

404 2508 508 2593 sepulti
525 2509 601 2597 solis,
613 2511 688 2572 idest
709 2531 866 2594 cupressus
888 2514 961 2593 ipse,
975 2532 1026 2574 seu
1047 2512 1170 2574 andreas
1186 2510 1238 2573 suit
1255 2513 1299 2594 pia
1314 2533 1383 2574 cura
1398 2512 1503 2594 sepulti
1519 2511 1599 2585 solis,
1621 2512 1694 2573 idest

408 2607 514 2689 tobertj
548 2610 668 2689 ntortuj,
690 2612 741 2694 qui
773 2632 843 2673 euin
865 2613 995 2673 ratasinra
1017 2632 1087 2673 eura
1120 2632 1222 2673 earutn
1254 2612 1359 2682 tenuit,
1380 2611 1451 2673 duan
1474 2612 1595 2673 ciceret.
1616 2646 1626 2659 ·
1648 2632 1694 2671 tur·

406 2727 489 2767 uretur
508 2708 584 2778 sniis,
606 2710 681 2771 idest
704 2709 812 2772 roberti
829 2713 916 2792 regis,
931 2732 1034 2773 uersus
1056 2713 1157 2784 istutn,
1179 2727 1208 2773 et
1230 2713 1334 2773 caritas
1355 2733 1415 2772 narn
1437 2710 1528 2772 saluit
1543 2712 1694 2772 aduertere

404 2803 525 2868 satalent
540 2806 664 2869 luctutn.
681 2810 772 2871 nichil
789 2810 898 2893 profuit
914 2831 1014 2892 regent
1038 2811 1189 2873 robertutn
1205 2810 1284 2873 illatn
1298 2810 1462 2887 dilessisse;
1479 2814 1549 2879 iano,
1565 2828 1693 2878 mortno,

406 2907 577 2988 superstites
592 2928 660 2969 euna
675 2909 861 2985 occiderunt,
883 2925 912 2971 et
927 2912 966 2971 ita
989 2930 1074 2972 annu
1090 2910 1196 2990 roberti
1219 2932 1278 2971 non
1293 2913 1389 2993 potuit
1401 2911 1552 2973 aduertere
1567 2909 1694 2980 sitalcus,

406 3003 481 3065 idest
496 3005 677 3087 ordinaturis,
693 3006 819 3069 luctutn.
833 3044 843 3055 ·
858 3008 935 3069 alteru
945 3008 1020 3092 fers,
1043 3008 1118 3071 idest
1133 3008 1237 3083 saturn,
1253 3008 1416 3093 dispositio,
1431 3011 1492 3071 siue
1506 3009 1576 3071 dura
1593 3030 1637 3071 res
1652 3029 1696 3069 or-

342 3148 345 3153 ·
406 3103 507 3165 dinata
528 3103 565 3165 ab
596 3106 665 3188 ipsis
688 3107 832 3169 militibus
865 3110 958 3190 regni,
980 3110 1062 3182 sicit,
1084 3110 1159 3170 idest
1180 3111 1328 3192 superauit
1349 3111 1430 3193 piuan
1459 3109 1600 3184 lacorenr,
1621 3109 1695 3170 idest

407 3222 540 3264 amorem
573 3204 680 3287 robertj
703 3206 912 3290 qui'debebat
933 3228 1002 3269 erun
1033 3207 1132 3270 lasere
1154 3224 1183 3270 et
1213 3208 1367 3271 defendere
1398 3209 1435 3270 ab
1466 3211 1535 3292 ipsis
1560 3207 1694 3269 inanibus

405 3300 577 3383 impiorum.
614 3308 711 3378 Natu,
747 3307 769 3368 si
806 3307 969 3389 diligebant
1006 3328 1127 3390 regent,
1162 3308 1307 3369 debebant
1342 3324 1371 3370 et
1405 3308 1540 3370 similiter
1573 3306 1695 3388 diligere

407 3400 548 3462 dilectum
579 3403 616 3464 ab
648 3424 693 3465 eo.
725 3440 745 3451 -
776 3426 792 3465 o
822 3404 917 3489 pluite,
950 3408 1070 3467 lanarium
1093 3406 1181 3490 suisli
1205 3408 1330 3491 perseius
1359 3414 1444 3476 eules,
1476 3407 1543 3468 alum
1577 3406 1694 3467 derisu:

404 3498 460 3560 silu‘
489 3501 660 3583 altpueulr'js
682 3504 806 3566 lucerii
834 3504 1022 3567 lucrintnlvilis
1053 3505 1163 3566 irritor!
1185 3508 1239 3568 liic
1273 3509 1376 3589 repetit
1406 3508 1498 3587 ipsatn
1521 3505 1694 3567 sententiani

407 3596 566 3661 uerborum
588 3622 646 3684 que
667 3605 839 3666 continetur
860 3605 890 3664 in
911 3605 1013 3665 ovidio
1035 3606 1139 3686 anainrj
1162 3607 1191 3667 in
1213 3608 1275 3688 ipsa
1305 3604 1400 3666 finlanda
1422 3605 1551 3687 ciparissi
1574 3618 1602 3666 et
1626 3603 1695 3665 solis

406 3715 458 3764 seu
482 3699 580 3780 phebi.
603 3705 691 3776 Natta,
713 3724 781 3764 cunt
805 3701 849 3764 sul
872 3704 946 3765 uidit
967 3706 1130 3787 ciparissint
1153 3721 1314 3778 tuortnunt,
1337 3720 1406 3768 tuuc
1429 3706 1482 3766 bec
1503 3703 1590 3765 uerbn
1612 3703 1694 3764 disits

406 3804 453 3866 sel
486 3824 577 3887 prope
603 3802 680 3864 hunc
711 3805 910 3864 sententiani:
935 3805 1079 3865 «tueris
1109 3804 1199 3866 tnicbi
1222 3821 1251 3865 et
1272 3804 1334 3884 aliis
1356 3803 1545 3866 lacritnnbilis
1566 3802 1694 3864 arbor».

408 3905 470 3965 Hec
503 3901 600 3963 fabata
623 3902 747 3962 videnda
781 3917 875 3963 estet
909 3902 1076 3984 repetenda.
1098 3938 1117 3948 -
1142 3924 1216 3975 runc,
1249 3903 1322 3963 idest
1353 3904 1463 3977 statitn,
1487 3905 1605 3964 atonno
1628 3922 1695 3984 rege

407 4001 525 4075 andrea,
548 3999 632 4062 turba
659 4016 812 4082 pastnrtnu
835 4001 926 4081 (idest
954 4001 1054 4083 populi
1078 4018 1106 4062 et
1128 3999 1273 4083 agricole)
1289 4016 1428 4083 ceperunt
1454 4003 1568 4062 tinterc.
1591 4008 1694 4061 nunu·-

402 4101 483 4184 suelu
505 4098 599 4171 ltulut,
632 4102 743 4181 ingenti
767 4101 892 4182 strepitu
915 4100 1006 4180 (idest
1029 4117 1148 4183 propter
1178 4103 1274 4182 ipsunt
1307 4100 1453 4182 fragorern
1486 4116 1514 4161 et
1547 4120 1695 4161 rutnoretn

341 4185 344 4190 ¹
408 4214 437 4261 et
459 4198 570 4261 tnalutn
592 4201 726 4282 iniquum
749 4202 961 4282 conrtnissutn)
981 4200 1055 4280 fugit
1078 4200 1145 4261 ltine
1168 4200 1244 4271 inde,
1260 4199 1385 4281 dispersa
1409 4200 1447 4260 ob
1463 4201 1599 4260 tintoretn
1623 4199 1694 4260 tanti

408 4300 488 4374 tatoli,
511 4298 595 4361 turba
616 4299 711 4380 (dico)
733 4320 931 4383 quecumque,
947 4300 1002 4361 sub
1017 4300 1066 4362 illa
1088 4300 1191 4361 nnrbra
1213 4300 1287 4360 idest
1302 4299 1356 4360 sub
1371 4300 1423 4361 illo
1437 4299 1568 4359 donnnio
1583 4320 1695 4371 secuta,

398 4399 481 4460 -idest
503 4401 565 4459 sine
587 4420 656 4460 cura
679 4415 708 4459 et
730 4399 918 4469 aduersitate,
940 4401 1133 4474 cotasederat3
1155 4400 1239 4472 idest,
1255 4400 1382 4460 sedendo
1398 4414 1425 4461 et
1449 4399 1607 4482 pnrsando,
1626 4418 1695 4460 con·

405 4500 532 4574 sederat,
561 4513 735 4580 pausaverat
769 4519 820 4579 per
852 4498 975 4580 loragnnt
997 4499 1087 4573 client,
1110 4520 1161 4580 per
1192 4499 1318 4559 tnnlttnn
1342 4515 1466 4581 ternpus.
1489 4535 1508 4545 -
1528 4509 1597 4581 pars
1618 4499 1695 4558 isto-

407 4620 473 4660 rutn
497 4599 594 4682 repetii
615 4605 742 4668 aternum
771 4597 845 4659 idest
879 4601 978 4678 satagui
1001 4600 1056 4659 siri
1080 4598 1219 4660 recedunt
1242 4616 1269 4659 et
1292 4598 1400 4659 sanltun
1426 4600 1460 4659 ad
1483 4619 1563 4659 arces
1592 4616 1694 4658 eorunt

407 4711 436 4759 et
457 4712 562 4773 castra,
585 4711 616 4756 ut
631 4696 689 4756 siut
711 4697 818 4779 securj.
833 4731 843 4742 ·
858 4697 960 4779 lugurj
972 4706 1043 4780 [turs
1064 4696 1166 4757 litttiuu
1175 4695 1248 4781 juli:
1263 4697 1335 4758 idest
1352 4698 1479 4757 rninnrcs
1494 4712 1522 4758 et
1538 4694 1695 4779 populares
