4125 5217
886 366 1038 416 nummo
1061 367 1167 414 straus

384 653 462 714 sepe.
477 656 504 678 ··
527 631 562 692 ut
589 636 697 690 ‹rreulrs
721 627 885 712 respondent
916 629 1042 711 arradiprac
1073 636 1174 699 carratas,
1195 627 1270 691 idest
1291 627 1428 691 homines
1450 631 1596 715 vulgares,
1624 635 1673 717 qui

384 732 471 794 arridi
494 747 524 793 et
544 731 607 791 sine
629 728 724 791 t'ructu
748 728 833 789 rodes
854 743 933 800 stant,
955 728 991 789 ad
1014 727 1071 789 hoe
1087 728 1309 809 respondentet
1324 728 1426 791 dicunt
1452 750 1500 792 me
1527 731 1599 793 bene
1620 752 1674 793 ca-

386 852 464 894 nere.
485 832 573 891 ·l'o.t·
595 850 655 890 nrm
677 849 731 890 trau
754 828 814 888 idco
839 836 925 911 grum
946 837 986 889 est
1006 828 1092 889 nairlri
1102 849 1109 889 ε
1133 827 1217 901 idest,
1239 830 1374 911 quannis
1396 830 1516 911 niuphe,
1537 831 1590 892 dee
1621 832 1676 893 sil·

387 952 501 1004 rarum,
522 950 592 993 cum
613 928 719 1013 quibus
742 928 853 994 habito.
876 926 982 989 tollant
997 926 1089 1007 (idest
1103 927 1235 1009 elevent)
1254 927 1401 990 interdum
1416 929 1452 990 ad
1467 929 1571 1000 sidera,
1584 929 1676 991 dicul·

341 1033 344 1039 ’
388 1032 485 1117 garndo
506 1052 572 1094 mea
593 1032 723 1093 carmina
746 1028 890 1100 laudibus,
912 1028 979 1090 ideo
1001 1050 1059 1089 uos
1082 1049 1147 1090 mea
1163 1049 1222 1089 non
1239 1042 1322 1110 grata
1337 1028 1448 1103 michi;
1470 1029 1554 1099 idest,
1576 1051 1677 1113 quatin-

388 1135 431 1194 tis
453 1152 519 1194 ntea
540 1134 671 1194 carnrina
694 1129 793 1191 nualtis
817 1127 961 1211 placeant,
984 1129 1075 1190 michi
1091 1149 1150 1189 mm
1165 1128 1292 1210 placent.
1307 1163 1327 1175 -
1340 1131 1424 1189 ‘Dum
1439 1132 1572 1190 numiui:
1594 1130 1677 1204 idest,

387 1233 459 1295 dum
481 1232 583 1314 cogito
603 1231 674 1315 quid
696 1246 805 1298 raoster,
827 1229 901 1290 idest
932 1228 1003 1312 quid
1037 1227 1190 1310 Virgilius,
1211 1228 1320 1311 quidve
1341 1228 1453 1291 aduena
1476 1244 1583 1311 pastor,
1604 1229 1679 1324 idest

387 1331 459 1416 quid
481 1330 622 1393 homerus
643 1326 832 1411 agustinus,
864 1328 934 1389 dum
958 1329 1083 1410 inspicio
1115 1342 1145 1389 et
1166 1330 1268 1411 cogito
1291 1348 1381 1411 quam
1405 1330 1465 1411 ipse
1497 1329 1629 1410 virgilius
1650 1316 1700 1391 οἷ’

389 1430 530 1493 homerus
551 1451 583 1492 se
604 1428 662 1491 alte
685 1444 787 1510 gerant
809 1444 838 1489 et
860 1426 998 1489 attollant
1019 1441 1049 1489 et
1080 1426 1186 1511 quilius
1209 1448 1274 1489 mea
1296 1429 1427 1490 earmina
1447 1429 1566 1503 distam,
1593 1430 1679 1500 Uror,

389 1529 466 1608 idest
501 1530 662 1615 flagranter
692 1544 721 1590 et
751 1528 888 1590 ardenter
918 1528 1070 1596 desidero,
1103 1548 1188 1611 posse
1225 1527 1282 1589 illis
1314 1528 1455 1590 adherere
1486 1543 1532 1606 et,
1561 1528 1679 1590 dimissa

389 1631 511 1714 pratica,
532 1631 563 1691 in
586 1636 689 1689 aaronica
703 1626 856 1713 stamnum
879 1634 967 1689 ortaria
992 1636 1135 1696 maurium
1153 1627 1227 1689 idest
1247 1628 1284 1690 ad
1306 1628 1468 1690 theoricam
1485 1642 1513 1689 et
1534 1627 1681 1690 interdum

390 1730 426 1794 ad
447 1729 627 1793 studendum
649 1742 678 1789 et
699 1727 962 1809 contemplandum
993 1742 1132 1789 revertor.
1165 1762 1185 1774 -
1216 1728 1263 1788 Sia·
1294 1748 1324 1788 co
1355 1728 1392 1789 ad
1414 1729 1555 1810 praticarn
1586 1741 1615 1789 et
1645 1726 1681 1788 ad

390 1828 576 1893 versificandi
597 1828 853 1891 cousuetudinem.
869 1862 879 1874 ·
893 1829 931 1889 sir
956 1828 1045 1897 reiro,
1068 1848 1119 1889 seu
1141 1827 1178 1888 ad
1200 1828 1364 1890 theoricam
1386 1842 1415 1890 et
1436 1829 1544 1890 iterum
1565 1828 1601 1888 ad
1622 1841 1681 1889 stu-

390 1930 474 1994 dium
495 1944 525 1993 et
545 1927 829 2012 contemplationem
853 1942 992 1989 revertor.
1014 1962 1024 1975 ·
1048 1928 1145 1997 Nitor,
1168 1927 1242 1990 idest
1264 1926 1404 2002 conabor,
1419 1928 1442 1989 si
1455 1926 1530 1989 sorte
1550 1945 1681 2000 caraune,

389 2029 467 2093 idest
488 2048 573 2091 muse
594 2043 760 2110 poetarum,
782 2025 874 2088 velint
890 2025 999 2108 aliquid
1013 2026 1101 2089 dulce
1115 2025 1242 2099 dittare;
1258 2026 1332 2089 idest
1347 2028 1428 2089 iuxta
1444 2046 1528 2109 posse
1542 2025 1681 2090 conabor,

390 2130 416 2191 si
437 2141 543 2211 potero
563 2124 685 2211 aliquid,
706 2126 783 2200 dico,
804 2125 885 2209 quod
906 2124 1032 2187 collibus
1063 2125 1140 2199 altis,
1162 2126 1238 2187 idest
1270 2128 1385 2208 magnis
1407 2141 1437 2188 et
1458 2125 1592 2187 litteratis
1613 2126 1681 2186 viris

392 2241 422 2290 et
442 2226 583 2290 studiosis
604 2240 633 2288 et
655 2226 745 2287 miehi
767 2224 891 2307 placeat,
907 2238 936 2286 et
957 2224 1037 2308 quod
1060 2224 1174 2287 lucidus
1197 2224 1291 2302 ether,
1306 2226 1381 2287 idest
1402 2225 1538 2294 discreta,
1553 2239 1681 2307 experta,

392 2326 526 2389 litterata
548 2340 577 2388 et
598 2325 687 2386 ardua
710 2344 793 2386 mens
814 2325 992 2406 sapientium
1016 2325 1147 2385 virorum
1170 2324 1334 2409 approbet3
1356 2326 1431 2386 idest
1462 2324 1591 2386 conabor
1614 2323 1680 2385 talin

390 2423 488 2487 lacere
507 2446 567 2509 que
586 2422 749 2508 approbent
771 2421 891 2484 litterati
917 2438 947 2485 et
978 2425 1125 2506 sapientes
1148 2424 1212 2484 ciri.
1236 2459 1255 2470 -
1279 2424 1343 2484 h'uu
1366 2423 1425 2485 tna
1447 2444 1580 2484 sariuntur
1604 2443 1683 2483 narare

392 2544 474 2607 aptae,
506 2524 581 2586 idest
602 2523 712 2607 ydiote,
734 2520 871 2605 vulgares
893 2537 923 2583 et
943 2524 1134 2606 insipientes;
1157 2544 1205 2583 anu
1233 2543 1312 2593 carro,
1342 2544 1389 2584 nec
1410 2524 1500 2585 nnius
1520 2525 1611 2583 arriani
1630 2523 1683 2583 de-

392 2624 511 2702 fuerint,
532 2623 608 2685 idest
627 2622 774 2686 deficient.
795 2624 821 2683 si
836 2622 904 2705 snio
927 2623 1012 2690 adeun,
1033 2623 1107 2684 idest
1128 2623 1333 2704 dispositiones
1356 2639 1385 2685 et
1406 2644 1499 2692 casus,
1516 2623 1572 2683 hoc
1594 2623 1682 2685 michi
1730 2625 1733 2629 ⁴

394 2723 515 2807 negabit
536 2723 681 2807 predictos
703 2724 809 2803 imitari
834 2738 944 2804 poetas,
967 2737 1018 2783 aut
1041 2742 1124 2784 mens
1156 2725 1256 2799 tarda;
1279 2723 1363 2791 idest,
1385 2726 1409 2784 si
1440 2726 1591 2804 ingenium
1615 2723 1684 2783 rude

395 2839 425 2888 et
446 2823 563 2886 tardum
586 2822 676 2884 michi
699 2823 813 2905 negarit
845 2820 903 2883 hoc
934 2823 1129 2904 contingere3
1151 2823 1236 2896 idest,
1258 2824 1281 2883 si
1304 2844 1363 2884 nrm
1386 2839 1446 2885 tam
1479 2823 1569 2883 ardue
1590 2843 1684 2884 essem

394 2922 513 2998 mentis,
535 2923 606 2994 Sur,
627 2942 781 3005 geruntur:
802 2921 887 2995 idest,
909 2940 928 2980 o
960 2919 1059 2995 frater,
1082 2922 1105 2982 si
1132 2921 1189 2983 hoe
1211 2923 1358 3001 attingere
1390 2942 1449 2983 non
1471 2936 1585 3004 potero,
1607 2922 1685 3005 qnod

393 3022 536 3109 disposui,
557 3035 615 3082 stat
638 3022 733 3093 rattin3
755 3020 829 3082 idest
852 3021 948 3102 primo
970 3021 1080 3081 moriar
1101 3042 1190 3104 quam
1218 3021 1499 3110 derelinquereltoc
1521 3021 1629 3112 ridear.
1651 3024 1686 3081 m

395 3121 443 3183 irre
471 3108 582 3183 striarum
615 3127 775 3181 trustromm
808 3118 946 3180 dilui-inu.
969 3154 989 3166 -
1018 3121 1045 3181 Ο
1069 3122 1095 3182 si
1110 3121 1207 3203 torte:
1230 3123 1367 3182 hionicus
1399 3121 1446 3182 hic
1473 3121 1645 3204 respondet:
1667 3143 1686 3182 o

394 3236 546 3302 germane,
567 3238 586 3277 o
607 3216 684 3290 sihi,
705 3219 728 3277 si
752 3215 827 3278 forte
848 3215 1056 3279 transcendere
1079 3238 1178 3299 posses
1199 3217 1257 3280 hoc
1279 3218 1384 3280 durum
1402 3219 1492 3280 limen
1518 3235 1616 3280 nostre
1638 3219 1686 3279 do

394 3337 471 3393 mus;
493 3318 579 3392 idest,
600 3316 624 3378 si
640 3314 730 3378 velles
744 3315 792 3378 hic
807 3317 836 3375 in
858 3315 962 3376 ordine
984 3333 1087 3377 nostro
1109 3337 1239 3392 manere,
1253 3320 1303 3401 qui
1326 3320 1396 3380 satis
1418 3318 1508 3379 durus
1523 3334 1577 3388 est,
1598 3339 1686 3401 quarr-

395 3432 460 3480 tum
482 3416 518 3478 ad
539 3436 646 3499 corpus
669 3430 788 3499 propter
808 3414 959 3476 silentium
981 3431 1010 3477 et
1043 3417 1262 3479 extremitatem
1295 3418 1378 3478 titel
1396 3433 1436 3490 et,
1457 3438 1526 3479 cum
1558 3417 1686 3490 dixisset,

396 3518 485 3578 vertit
506 3535 674 3578 sermonem
696 3536 784 3577 suum
806 3513 989 3597 inexpletum
1012 3515 1049 3576 ad
1064 3518 1261 3578 mutationem
1278 3517 1377 3579 cultus
1402 3515 1509 3592 fratris,
1524 3516 1570 3578 rel
1592 3517 1686 3597 Silcij,

361 3646 365 3654 ·
393 3617 463 3701 quia
486 3615 559 3676 uidit
580 3635 648 3677 eum
670 3616 748 3676 inter
768 3613 857 3676 rerba
879 3613 934 3676 hec
956 3617 1063 3676 mutari
1086 3630 1116 3677 et
1136 3616 1249 3678 duriter
1280 3616 1381 3679 audire
1414 3614 1501 3678 uerba
1529 3634 1557 3677 et
1580 3636 1687 3698 negare

393 3729 425 3778 et
445 3734 603 3800 pavescere
625 3717 698 3777 Visu
719 3716 820 3777 ostiaria
841 3735 900 3799 que
932 3716 1068 3776 monicus
1100 3715 1235 3791 dicebat;
1258 3716 1324 3777 ideo
1355 3716 1446 3779 dicit:
1472 3715 1550 3790 Quid
1573 3715 1686 3798 refugis,

393 3838 445 3880 seu
461 3817 562 3879 animo
576 3832 607 3879 et
627 3817 759 3901 pavescis
780 3832 880 3900 turpes
901 3804 994 3890 casas,
1009 3814 1085 3878 idest
1100 3814 1220 3877 cellulas
1236 3830 1350 3877 nostras
1366 3833 1395 3879 et
1411 3817 1474 3878 loca
1489 3833 1588 3895 nostra
1604 3833 1684 3879 arcta

396 3931 426 3978 et
448 3915 546 3979 breuia
568 3932 598 3978 et
619 3932 682 3980 tuta
703 3918 764 3979 otia
780 3932 880 3979 nostra
895 3916 946 4001 qui
960 3935 1082 3977 oramus
1096 3915 1196 3991 deum,
1211 3930 1241 3978 et
1255 3914 1406 3977 colimus?
1421 3931 1555 3998 expertes
1569 3917 1686 3990 eunardi,

393 4016 489 4078 securi
511 4036 614 4077 sumus
635 4031 665 4077 et
686 4017 749 4078 sine
769 4031 852 4099 parte
873 4014 1076 4078 fortuitorum.
1098 4050 1117 4061 -
1141 4014 1221 4091 Quid
1235 4015 1364 4099 frontem
1384 4016 1507 4087 eludens,
1525 4018 1608 4100 quasi
1630 4016 1686 4078 ele·

395 4133 467 4200 sans
488 4112 616 4176 oculos?
638 4115 721 4189 Quid
743 4114 869 4178 turbaris
890 4130 919 4176 et
940 4114 1055 4197 spernis
1076 4134 1110 4175 ea
1130 4133 1189 4198 que
1210 4114 1304 4187 audis,
1320 4135 1389 4177 cum
1412 4129 1475 4177 tuta
1497 4116 1578 4177 sint?
1599 4135 1688 4176 nemo

394 4226 477 4274 antra
500 4228 599 4274 nostra
621 4227 742 4275 coactus
763 4216 856 4295 petit;
879 4214 955 4275 idest
987 4214 1201 4274 monasterium
1234 4228 1368 4276 nostruin
1401 4229 1431 4276 et
1462 4213 1560 4277 locum
1585 4212 1689 4276 nullus

394 4326 516 4374 coactus
539 4314 621 4395 petit,
642 4311 692 4374 sed
714 4332 749 4373 ex
777 4311 867 4373 libera
889 4311 1044 4375 uoluntate
1066 4328 1095 4375 et
1116 4334 1188 4397 pura
1210 4328 1310 4375 meme
1332 4329 1360 4376 et
1381 4316 1571 4377 conscientia.
1591 4348 1602 4361 ·
1624 4312 1689 4376 Plu·

387 4431 440 4480 ,τις
467 4410 583 4473 redemti
603 4431 620 4471 a
643 4409 741 4472 limine
756 4411 892 4494 serratio:
913 4411 990 4474 idest
1011 4412 1097 4474 urulti
1120 4412 1279 4476 voluerunt
1310 4415 1418 4477 intrare
1437 4415 1499 4497 qui,
1520 4412 1634 4497 expulsi
1659 4426 1688 4474 et

394 4531 455 4572 non
478 4511 598 4593 recepti,
620 4508 733 4572 frustra
749 4512 870 4574 renium
892 4511 927 4573 ad
951 4532 1015 4587 uos,
1038 4533 1125 4573 causa
1148 4512 1274 4575 intrandi
1296 4515 1326 4575 in
1347 4512 1482 4575 ordinent
1504 4527 1534 4574 et
1557 4511 1688 4595 regulam

393 4608 570 4672 observandi
593 4625 745 4687 nostram;
766 4612 846 4696 quod
868 4611 925 4674 illis
947 4613 1106 4695 contingit,
1128 4614 1196 4696 quia
1229 4613 1448 4676 non-ridentur
1477 4611 1561 4675 uobis
1592 4613 1687 4674 idonei

365 4759 368 4764 .
394 4722 424 4780 et
446 4710 634 4772 continentes
656 4712 818 4774 secundum
840 4710 1067 4795 dispositionem
1088 4728 1231 4775 nostram.
1252 4746 1272 4758 -
1305 4712 1371 4774 h'ua
1401 4720 1514 4797 pavor:
1535 4711 1610 4775 idest
1630 4732 1690 4774 aton
