4125 5217
186 696 246 737 ¹·37

805 410 837 461 ιι
860 410 1049 461 sucoucun
1074 410 1206 461 canum
1583 394 1625 462 26
1631 413 1645 482 5

441 693 560 735 nervos:
583 672 714 755 linguam
740 686 770 735 et
797 672 938 734 cannino.
960 706 980 719 -
1001 669 1148 733 Dednlns.
1176 673 1286 757 yhesus
1314 673 1432 748 cristus,
1452 673 1521 757 quin
1543 694 1578 736 ex
1600 674 1650 736 di-

362 775 430 837 vina
451 775 544 857 gratia
566 787 596 834 et
618 771 748 834 bonitate
768 771 937 835 inclinantis
960 780 1065 833 niture
1086 792 1209 855 pnesym
1230 772 1344 848 didicit,
1365 792 1424 858 que
1444 772 1530 835 aliter
1549 773 1649 836 hnbed

363 874 473 959 nequit.
496 876 573 937 Nam
595 887 628 935 ut
648 874 690 934 nit
710 873 815 935 Cicero
836 880 889 955 pru
904 870 1014 933 Archia
1027 877 1128 955 poene:
1144 873 1345 935 «Ceterarum
1366 874 1475 935 artium
1493 874 1589 936 studia
1611 876 1652 936 in-

363 974 474 1037 dustria
499 988 528 1035 et
560 974 770 1036 exercitatione
800 971 901 1035 haberi
930 986 1074 1055 possunt3
1101 972 1170 1035 Sota
1200 993 1317 1057 poesys,
1340 974 1395 1035 nisi
1423 974 1563 1036 divinitus
1584 973 1651 1036 dntn

364 1076 412 1149 sit,
433 1072 534 1136 haberi
562 1093 622 1135 non
651 1088 785 1155 potest.»
809 1108 829 1121 -
852 1074 900 1134 Est
928 1092 1042 1134 nemeis:
1065 1071 1112 1134 hic
1135 1071 1204 1135 facit
1225 1072 1464 1157 topographynm
1486 1073 1653 1137 describens

366 1174 465 1237 locunt
486 1167 682 1257 sue'originis
704 1175 821 1236 native:
845 1172 1003 1236 l‘etmrcha
1025 1192 1061 1233 ex
1082 1172 1247 1235 florentinis
1263 1172 1434 1256 parentibus
1456 1188 1542 1236 nntus
1562 1173 1653 1257 pulsis

366 1297 383 1337 a
404 1273 561 1349 Florentia,
583 1289 617 1336 ut
637 1275 750 1357 ipsein
771 1273 899 1357 quadum
922 1271 1057 1355 epistula,
1073 1293 1107 1334 en
1128 1288 1386 1356 tempestateque
1407 1271 1561 1334 meliorem
1583 1295 1654 1356 pnr-

367 1391 427 1436 tem
449 1376 542 1436 nnior
569 1373 682 1456 expulit
709 1388 739 1437 et
766 1374 796 1435 in
818 1373 921 1436 dretio
943 1388 1029 1434 natus
1058 1388 1103 1435 est
1123 1374 1153 1434 in
1178 1387 1315 1436 contrata
1343 1393 1402 1456 que
1422 1373 1531 1438 dicitur
1551 1373 1571 1436 l
1583 1383 1654 1437 orto.

367 1509 386 1523 -
406 1481 497 1537 serni:
520 1478 626 1537 Arnus.
647 1509 667 1521 -
687 1472 781 1535 illud:
804 1473 904 1536 liber.
925 1507 936 1520 ·
958 1473 1031 1534 Hie:
1055 1474 1084 1534 in
1106 1474 1220 1535 Aretio.
1241 1508 1251 1522 ·
1272 1473 1487 1558 citharamque:
1510 1474 1656 1559 eloquen-

307 1641 310 1648 ,
368 1576 448 1638 tiam.
470 1609 481 1622 ·
500 1574 594 1638 silon:
617 1575 720 1657 Aretij.
742 1608 761 1642 π
782 1574 941 1640 diuinam:
964 1573 1050 1638 deum
1073 1574 1530 1657 panonnm,et..iuterpreutur
1550 1574 1655 1640 humi-

366 1676 442 1738 ditns
463 1691 493 1738 et
513 1674 667 1749 calliditas,
688 1695 723 1737 ex
744 1672 852 1758 quibus
877 1674 1012 1734 omnium
1036 1694 1134 1735 rerum
1156 1675 1309 1757 generatio
1337 1677 1482 1757 provenit.
1504 1710 1524 1723 -
1545 1674 1656 1744 trennile,

367 1775 443 1839 idest
463 1773 616 1859 cingulum
637 1775 781 1837 castitatis
803 1790 833 1836 et
854 1773 1004 1857 pudicitie,
1018 1793 1080 1858 quo
1099 1773 1196 1857 puelle
1217 1789 1434 1836 conservantur
1448 1776 1482 1837 in
1494 1773 1586 1858 gloria
1603 1776 1657 1837 uir·

369 1877 499 1961 giuitntis
521 1877 628 1938 mentis
649 1890 679 1938 et
699 1875 831 1957 corporis
853 1873 868 1956 (
890 1875 914 1957 ).

448 1976 524 2049 ‘Rem
546 1995 699 2057 nrtrgnnne:
722 1974 845 2037 ell'ectus
874 1973 1042 2058 eloquentie
1070 1974 1195 2056 poetice.
1217 2009 1237 2022 -
1259 1974 1382 2036 Eemns:
1412 1973 1520 2037 dusius
1542 1990 1586 2037 est
1606 1995 1658 2037 se-

370 2076 498 2139 cundum
521 2076 665 2158 quosdam
688 2075 790 2150 Lidie;
811 2074 901 2159 aliqui
922 2074 1025 2137 dicunt
1047 2096 1082 2136 ex
1104 2073 1228 2159 dorylao
1244 2075 1374 2159 phrygio
1395 2093 1510 2148 natum,
1531 2097 1659 2159 eumque

371 2177 451 2240 illum
472 2199 490 2240 a
511 2178 596 2241 Curia
617 2176 757 2252 diuidere,
778 2177 899 2238 deinum
921 2196 1043 2260 campos
1064 2177 1182 2239 Smime
1202 2196 1306 2238 aureas
1327 2195 1432 2237 arenas
1454 2174 1619 2239 fecundare.
1639 2211 1659 2223 -

372 2276 497 2339 oblimet:
512 2277 616 2339 limum
637 2297 759 2338 aureum
783 2275 869 2339 incint
889 2277 1012 2338 circum.
1033 2310 1044 2324 ·
1066 2274 1187 2338 unitim:
1214 2276 1392 2359 cupiditates
1414 2295 1512 2337 rerum
1538 2278 1660 2338 mundn-

373 2398 488 2440 narum.
508 2413 519 2426 ·
540 2376 670 2463 rigidas:
692 2380 768 2440 inter
789 2369 926 2440 homines
948 2376 1083 2439 indoctos
1112 2392 1142 2439 et
1162 2375 1312 2439 silvestres
1340 2392 1370 2438 et
1392 2376 1493 2438 duros.
1513 2412 1522 2423 ·
1544 2397 1659 2438 nemus:

371 2479 515 2561 sapientie
534 2475 609 2539 loca.
629 2511 640 2524 ·
660 2475 807 2539 voltrcres:
829 2476 998 2560 eloquentie
1019 2476 1084 2537 viri.
1105 2511 1115 2523 ·
1136 2495 1225 2539 saxo:
1246 2476 1359 2538 indocti
1381 2475 1527 2539 homines.
1548 2475 1661 2538 -euorle-

373 2748 1660 2783 m

373 2964 470 3017 cithera
488 2962 639 3031 intelligitur
663 2963 749 3032 poesis
775 2962 866 3024 solida,
885 2963 951 3014 idest
975 2963 1044 3014 clam
1069 2970 1094 3013 et
1120 2962 1222 3032 fulgens
1247 2963 1280 3015 de
1306 2962 1394 3029 ebore,
1413 2962 1479 3014 idest
1498 2963 1530 3015 de
1549 2963 1616 3014 veris
1635 2972 1661 3014 et

375 3054 508 3107 sententiis
526 3054 635 3106 fortibus
648 3054 737 3129 ΙῙιΙριιᾳἶ
756 3071 804 3122 pro
823 3065 922 3122 septem
939 3055 1024 3105 cordis
1044 3054 1159 3121 intellige
1183 3055 1220 3122 vtj
1241 3070 1329 3105 musas
1356 3070 1407 3121 que
1433 3052 1525 3105 merito
1543 3054 1570 3104 in
1591 3054 1661 3123 poesi

374 3144 471 3213 inlgida
489 3145 650 3207 infernmum
668 3145 760 3197 dicitur
785 3146 855 3212 quod
880 3155 920 3196 est
945 3145 1014 3195 intus
1034 3155 1131 3205 cavan,
1149 3145 1210 3213 quia
1229 3161 1288 3197 vere
1313 3143 1469 3212 oppiniones
1487 3154 1513 3196 et
1537 3144 1662 3196 sententie

374 3236 444 3289 intus
463 3246 614 3306 permanent
639 3247 664 3288 et
689 3235 819 3294 existunt:
847 3236 940 3287 dicitur
964 3237 1035 3304 quod
1059 3247 1099 3287 est
1119 3235 1271 3290 resolubilis
1296 3236 1421 3303 quoniam
1448 3235 1515 3287 ianas
1539 3245 1613 3303 poete
1638 3246 1664 3287 et

375 3326 461 3396 poesis
480 3335 583 3379 resonet
601 3338 626 3378 et
645 3327 761 3395 refulget.
779 3327 875 3394 Opinio
899 3338 985 3378 nutem
1011 3327 1128 3395 magistri
1153 3326 1239 3395 angeli
1255 3328 1313 3380 cole
1338 3326 1452 3378 doctoris
1476 3326 1664 3378 facundisssimi

375 3426 415 3470 est
432 3418 502 3486 quod
519 3418 626 3470 dedalus
644 3404 862 3486 intelligatur'pro
876 3418 982 3479 ratione,
1001 3435 1052 3485 que
1065 3417 1204 3486 improprie
1217 3419 1361 3486 appelletur
1380 3416 1523 3469 intellectus
1542 3418 1663 3485 quonium

375 3509 518 3562 intellectus
538 3510 669 3577 reponitur
694 3509 721 3559 in
742 3509 888 3569 celestibus,
906 3525 957 3575 qun
977 3509 1075 3560 ratione
1095 3510 1173 3560 lromo
1191 3509 1276 3561 diflert
1299 3509 1417 3560 abrutis
1436 3508 1599 3560 animalibus·
1619 3526 1666 3575 pro

375 3600 472 3668 plectro
490 3616 551 3652 vero
569 3600 720 3668 intelligitur
732 3600 816 3667 ipsum
831 3600 972 3667 ingenium,
983 3617 1036 3668 quo
1050 3600 1187 3662 mediante,
1202 3617 1263 3651 vera
1275 3599 1404 3651 sententie
1418 3599 1527 3651 trahitur
1538 3601 1570 3651 de
1583 3600 1666 3668 poesi.

446 3689 491 3762 [V]
511 3690 622 3743 Gallus:
640 3690 707 3742 idest
724 3691 846 3743 domiuus
865 3690 983 3759 Filippus
1002 3692 1035 3743 de
1054 3692 1181 3753 Veterno,
1200 3690 1324 3743 musicus.

445 3872 485 3938 (ι)
502 3869 550 3942 [N]
566 3874 674 3924 vinem:
691 3873 768 3923 deum
792 3871 961 3923 incarnatum.
980 3902 989 3911 ·
1007 3874 1143 3924 tricinam:
1162 3873 1230 3924 idest
1252 3873 1303 3924 dee
1325 3871 1401 3933 lucis,
1418 3871 1480 3940 quis
1498 3872 1615 3939 perducit
1634 3875 1666 3925 de

373 3977 427 4015 non
445 3978 503 4015 esse
521 3962 554 4013 ad
572 3978 645 4023 esse3
665 3961 732 4014 idest
751 3962 876 4030 virginem
901 3962 1007 4014 mariam
1033 3980 1084 4030 que
1108 3973 1148 4014 est
1174 3979 1274 4014 summa
1293 3962 1346 4013 lux.
1365 3990 1375 4001 ·
1392 3963 1539 4014 citiarum:
1559 3963 1666 4032 poesim.

373 4077 388 4093 ·¹
401 4054 512 4104 monile:
530 4068 651 4104 coronam
670 4052 801 4119 pudicitie.
820 4082 829 4092 ·
847 4055 959 4105 veliam:
978 4053 1076 4105 diritie.
1095 4082 1105 4092 -
1122 4054 1256 4104 everteres:
1274 4052 1404 4121 predones
1417 4052 1541 4104 ualentes.
1560 4082 1569 4093 ·
1586 4069 1666 4103 siun:

373 4142 491 4195 homines
510 4142 594 4211 grossi
612 4142 657 4210 qui
675 4142 763 4195 dicunt
782 4143 808 4194 id
827 4144 897 4212 quod
916 4161 1019 4195 narrare
1038 4144 1155 4195 audiunt.
1174 4143 1232 4194 ideo
1245 4142 1308 4195 dicit
1326 4158 1439 4194 concava
1457 4143 1518 4210 quia
1537 4154 1666 4194 resonant.

374 4230 462 4283 -Non
477 4233 583 4298 gregis:
601 4230 669 4282 idest
687 4248 733 4298 per
750 4232 859 4282 aretium
879 4249 932 4282 non
959 4242 1092 4283 transeunt
1113 4232 1186 4283 multi
1212 4231 1282 4301 equi,
1301 4248 1349 4283 nec
1373 4231 1510 4290 hominm
1530 4232 1666 4281 demente

374 4320 427 4374 exit
444 4338 522 4372 arnus
541 4320 585 4388 qui
604 4321 623 4372 it
643 4338 689 4388 per
706 4321 813 4373 tusciam
833 4334 858 4373 et
877 4323 951 4373 tibris
971 4340 1016 4389 per
1036 4324 1154 4374 Romam.
1175 4340 1249 4374 mons
1272 4333 1313 4374 est
1340 4321 1382 4372 ille
1408 4322 1452 4373 ubi
1471 4322 1610 4388 petramala
1629 4332 1666 4370 est

374 4421 400 4464 et
418 4428 471 4463 non
489 4420 529 4462 est
547 4411 628 4477 aretij.
649 4412 770 4479 magister
788 4413 851 4463 Cola
870 4413 931 4463 dicit
949 4414 1020 4480 quod
1038 4414 1147 4463 aretium
1166 4423 1206 4464 est
1225 4412 1252 4463 in
1272 4428 1325 4464 uno
1339 4421 1425 4463 monte
1445 4411 1472 4462 in
1491 4427 1543 4478 quo
1562 4419 1601 4459 est
1619 4419 1668 4459 tor·

375 4511 445 4563 tone,
462 4501 507 4570 qui
527 4517 600 4552 mons
620 4513 658 4553 est
681 4502 831 4553 coniunctus
850 4520 907 4554 cum
927 4504 1081 4570 petramala;
1094 4504 1126 4554 de
1139 4520 1191 4571 quo
1211 4513 1298 4554 monte
1317 4511 1411 4553 exeunt
1433 4504 1486 4553 duo
1509 4500 1622 4556 flumina,
1641 4498 1667 4548 in

374 4608 428 4661 qno
443 4601 484 4653 est
503 4607 555 4642 nnn
573 4591 638 4642 silan
656 4608 707 4658 que
732 4603 837 4644 vocetur
863 4593 1010 4651 lontnmnla,
1029 4593 1056 4643 in
1082 4610 1134 4660 qun
1153 4592 1223 4645 stetit
1249 4593 1369 4644 Petarea
1387 4600 1414 4643 et
1438 4591 1465 4642 in
1483 4607 1534 4658 qun
1553 4589 1669 4648 dedalus,

375 4682 442 4735 idest
459 4683 524 4733 deus
543 4682 583 4733 vel
603 4681 678 4742 ratio,
700 4683 771 4733 dedit
789 4684 888 4750 poesim
912 4695 937 4735 et
964 4684 1062 4751 inqua
1091 4684 1155 4736 silea
1181 4694 1241 4735 sunt
1258 4684 1325 4734 altas
1343 4683 1440 4742 trabes,
1458 4681 1525 4733 idest
1550 4679 1669 4738 nobiles:

374 4772 500 4842 cupiendo
518 4787 579 4824 vero
597 4772 695 4824 ratione
713 4790 761 4840 pro
779 4773 846 4835 ipso,
863 4775 970 4826 dedalus
989 4774 1089 4842 eapitur
1107 4791 1155 4842 pro
1173 4774 1268 4825 anima.
