4125 5217
827 406 857 454 ll.
880 407 1068 456 sucottcuu
1091 409 1223 457 ctutum
1601 411 1662 479 205

380 664 482 729 divitie
502 686 561 751 que
581 667 610 727 in
631 667 703 729 orbe
724 683 792 730 sunt
814 690 873 729 non
894 685 992 732 essent
1014 670 1104 731 nticlti
1128 673 1254 753 pretium
1277 669 1409 755 cythare.
1428 706 1439 719 ·
1460 672 1571 744 tretium,
1593 674 1667 735 idest

380 767 609 849 quantomagis
632 768 862 829 nonsitnrielti
891 771 1018 851 pretium
1059 770 1124 831 leve
1153 769 1247 832 sellus
1269 785 1298 831 et
1330 772 1396 832 edi!
1420 774 1484 834 lloc
1505 773 1577 835 dicit
1597 775 1666 857 quia

382 868 477 952 gallus
498 869 631 952 superius
653 870 827 951 promiserat
846 868 901 930 sibi
931 890 984 953 pro
1013 870 1108 952 pretio
1135 873 1227 933 citare
1255 885 1286 932 et
1315 870 1421 933 vellera
1443 887 1473 934 et
1494 873 1574 948 edos,
1595 875 1666 935 dum

381 970 473 1033 dixit:
495 978 560 1033 sum
581 970 659 1032 stultis
680 970 778 1032 mollin
799 972 907 1033 vellem
929 979 954 1034 el
974 973 1028 1033 nli.
1053 975 1136 1056 quasi
1151 974 1248 1035 dicat:
1272 974 1371 1034 sinon
1392 973 1492 1036 darem
1514 974 1666 1059 cytheram

382 1089 480 1132 meam
501 1090 555 1152 pro
575 1068 715 1132 omnibus
737 1070 876 1153 gregibus
899 1087 927 1133 et
956 1092 1114 1155 porcorum
1145 1088 1174 1135 et
1196 1073 1342 1156 pecudum
1364 1074 1413 1157 qui
1436 1089 1595 1156 pascuntur
1617 1093 1669 1157 per

383 1185 479 1232 totum
501 1169 629 1244 orthem,
651 1185 735 1232 umto
757 1173 851 1253 magis
874 1192 932 1232 non
954 1172 1055 1235 darent
1078 1194 1142 1234 eam
1165 1193 1219 1255 pro
1241 1188 1322 1255 parte
1350 1187 1470 1235 tuorum
1494 1174 1615 1235 edorum
1638 1188 1668 1235 et

383 1268 536 1346 vellerum,
564 1271 638 1332 idest
667 1290 719 1353 pro
747 1286 865 1333 tuarum
894 1285 976 1353 parte
1003 1273 1185 1347 diuitiarum,
1209 1274 1279 1357 quia
1308 1295 1366 1334 mm
1394 1274 1494 1335 darem
1524 1294 1577 1357 pro
1603 1288 1668 1335 toto

382 1370 485 1431 mundi
507 1369 655 1431 thesauro
677 1370 744 1432 ideo
765 1370 936 1453 subiungit:
959 1393 1015 1433 nem
1037 1372 1123 1434 ntichi
1143 1375 1179 1433 sil
1197 1374 1322 1457 prelium
1343 1372 1458 1455 cytherc,
1480 1392 1531 1435 seu
1546 1373 1667 1442 bernaus,

382 1471 457 1533 idest
477 1469 585 1533 fluvius
607 1469 656 1532 ille
681 1470 749 1532 lidie
776 1472 826 1554 qui
854 1492 957 1533 arenas
985 1492 1089 1534 aureas
1116 1473 1208 1535 ducit.
1230 1507 1251 1519 -
1272 1471 1389 1549 nardini,
1410 1473 1485 1534 idest
1504 1473 1668 1536 circumdet

382 1568 435 1633 tibi
457 1568 532 1633 latos
560 1590 667 1653 agros;
688 1590 740 1633 seu
769 1591 823 1634 suo
851 1570 986 1648 oblimet,
1008 1573 1083 1634 idest
1112 1574 1288 1656 impinguet,
1309 1592 1360 1634 seu
1382 1573 1461 1656 ipsos
1482 1594 1569 1657 agros
1591 1588 1668 1647 tuos,

383 1669 477 1733 rutilis
497 1672 604 1745 arenis,
626 1669 701 1732 idest
721 1672 826 1732 aureis.
847 1673 930 1756 quasi
962 1674 1060 1735 dicat:
1089 1675 1113 1735 si
1142 1671 1263 1735 hermus
1291 1674 1320 1734 in
1349 1673 1429 1756 agris
1456 1673 1513 1735 tuis
1536 1671 1668 1735 lunderet

382 1790 486 1832 omnes
507 1792 609 1833 arenas
637 1790 739 1833 aureas
767 1792 839 1855 quas
862 1772 961 1857 trahyt
987 1790 1017 1835 et
1038 1788 1135 1835 totum
1159 1773 1215 1836 hoc
1237 1793 1360 1835 aureutn
1383 1772 1472 1835 nticlti
1493 1773 1586 1848 dares,
1608 1793 1668 1833 non

383 1870 435 1934 tibi
456 1871 557 1933 darem
578 1870 731 1955 cytheram
764 1892 870 1934 meam.
892 1907 912 1919 -
935 1874 1016 1949 Quid
1036 1872 1145 1936 inicii?
1166 1875 1264 1936 Vertit
1285 1892 1453 1935 sermonem
1474 1893 1561 1934 suum
1582 1888 1670 1934 autor

382 1971 419 2034 ad
439 1972 516 2054 ipsas
537 1973 640 2034 mundi
660 1972 777 2034 divitias
799 1973 975 2056 spernendas
998 1989 1027 2034 et
1048 1974 1084 2035 ad
1107 1974 1183 2056 ipsas
1205 1974 1296 2035 antimi
1317 1975 1441 2035 virtutes
1458 1970 1596 2035 colendas
1610 1993 1669 2057 que

382 2091 498 2155 semper
519 2087 652 2154 prosunt,
667 2092 736 2135 cum
758 2071 807 2135 ille
828 2072 884 2136 alie
905 2073 1006 2135 divitie
1027 2094 1097 2157 sepe
1112 2094 1208 2136 nocue
1222 2076 1290 2135 sint.
1312 2108 1332 2120 -
1354 2074 1435 2150 Quid
1455 2073 1540 2134 naiclai
1560 2073 1668 2142 divitie,

382 2192 434 2234 seu
456 2169 657 2255 profuissent?
677 2207 698 2219 -
719 2173 788 2256 perid
809 2180 901 2236 irardus
922 2194 1040 2235 cicerum
1061 2196 1167 2246 rernm,
1190 2175 1264 2236 idest
1284 2173 1378 2236 multe
1392 2172 1495 2235 divitie
1508 2172 1668 2249 cumulate,

382 2291 440 2355 que
461 2288 543 2336 tnute
564 2288 633 2335 sunt
654 2288 684 2335 et
704 2274 853 2336 inarrate?
874 2274 956 2358 quasi
978 2274 1077 2336 dicat:
1100 2273 1191 2337 nichil
1213 2273 1399 2357 profuissent.
1414 2310 1434 2322 -
1448 2278 1559 2335 nostras
1578 2274 1668 2334 cernis

383 2379 455 2455 opes,
476 2372 551 2434 idest
571 2374 666 2434 cernis
687 2388 717 2435 et
737 2374 820 2434 audis
841 2389 951 2456 quante
972 2375 1031 2435 sint
1053 2388 1082 2435 et
1102 2393 1192 2459 quam
1209 2375 1337 2434 tttaxime
1352 2374 1420 2434 sint.
1439 2406 1459 2419 ·
1484 2371 1529 2433 lace
1550 2378 1596 2443 esi,
1616 2391 1668 2433 seu

383 2470 515 2555 cythera,
536 2492 602 2557 prta,
624 2472 699 2535 idest
720 2494 788 2535 cum
810 2494 878 2556 qua,
899 2494 956 2556 ego
976 2472 1049 2536 levio
1071 2472 1160 2557 (proz
1183 2472 1306 2555 allevio)
1320 2471 1432 2547 crebra,
1447 2471 1521 2533 idest
1542 2470 1668 2544 assidua,

383 2569 474 2654 prelia
497 2570 612 2635 rebellis
642 2572 769 2648 fortune,
792 2573 866 2636 idest
898 2576 1045 2637 contrarie
1066 2573 1184 2636 fortune
1216 2589 1245 2635 et
1267 2593 1389 2649 averse;
1413 2587 1442 2634 et
1463 2570 1530 2633 lero
1551 2570 1667 2633 vincula

383 2672 485 2734 mundi
507 2674 679 2756 prementia,
702 2675 877 2756 cupiditates
905 2691 935 2737 et
961 2676 1130 2738 voluntates
1157 2674 1373 2737 mundanarum
1401 2693 1498 2735 rerum
1519 2692 1577 2756 que
1598 2691 1669 2752 pre-

384 2789 470 2834 munt
491 2789 604 2835 mentes
625 2774 781 2835 hominum
804 2790 833 2836 et
854 2777 972 2858 ingenia
987 2791 1016 2837 et
1038 2777 1067 2838 in
1089 2775 1201 2837 intima.
1216 2811 1235 2821 -
1251 2790 1280 2835 et
1302 2773 1362 2835 levo
1384 2772 1474 2835 michi
1494 2774 1667 2856 pauperiem.

382 2893 440 2956 que
461 2894 521 2935 non
543 2873 633 2935 michi
655 2876 753 2956 grauis
775 2883 819 2937 est
840 2883 961 2959 propter
981 2875 1168 2939 dulcedinem
1190 2889 1291 2960 cytare
1313 2894 1387 2936 mee.
1409 2908 1428 2920 -
1450 2871 1606 2947 hausidest
1627 2890 1669 2930 se·

382 2993 471 3036 eurus
492 2989 522 3036 et
542 2974 719 3038 confidentis
741 2995 787 3051 eo,
802 2976 876 3038 idest
890 2976 1021 3052 ambulo,
1036 2997 1088 3060 per
1103 2977 1210 3060 rigidas
1225 2975 1316 3059 alpes,
1331 2974 1406 3037 idest
1419 2994 1472 3057 per
1484 2974 1557 3035 atria
1580 2973 1669 3033 rnaio·

334 3121 336 3125 a
384 3092 449 3136 rum
471 3094 576 3159 regunt
604 3091 634 3138 et
661 3091 855 3160 tyrannorum
887 3093 916 3139 et
942 3076 1032 3140 nichil
1061 3079 1152 3139 timeo
1184 3078 1252 3162 quia
1281 3074 1444 3138 honoratus
1473 3075 1502 3135 in
1530 3072 1668 3134 omnibus

383 3171 456 3238 locis
476 3196 563 3253 sum;
585 3187 677 3238 et'eo'
690 3176 770 3253 listis,
794 3189 853 3239 seu
868 3177 1019 3239 confidens
1042 3194 1071 3240 et
1092 3197 1213 3240 securus
1236 3191 1436 3261 pervacuum
1458 3187 1572 3246 nemus,
1594 3175 1669 3234 idest

382 3294 435 3359 per
455 3274 521 3338 loca
541 3276 681 3351 solitaria,
703 3293 732 3339 et
760 3278 832 3339 nihil
861 3280 972 3354 timeo3
1000 3277 1107 3362 quibus
1139 3278 1169 3339 in
1198 3277 1270 3340 locis
1299 3276 1468 3360 predatores
1490 3291 1519 3336 et
1540 3272 1668 3335 latrones

381 3374 478 3437 solent
500 3377 608 3459 timerj,
629 3377 679 3439 sed
702 3397 758 3461 ego
780 3398 899 3439 securus
921 3377 976 3439 hae
998 3377 1141 3440 sollitaria
1163 3379 1227 3440 sine
1248 3396 1318 3439 cura
1339 3395 1375 3437 eo
1397 3390 1426 3437 et
1441 3394 1493 3458 per
1506 3389 1578 3445 atra,
1594 3374 1668 3434 idest

382 3495 434 3558 per
453 3495 558 3539 oscura
580 3475 695 3539 silentia
717 3479 821 3540 noctis.
836 3514 847 3524 ·
858 3476 1003 3562 plnmlmat
1022 3477 1160 3549 vultures,
1175 3498 1228 3540 seu
1249 3476 1373 3539 audiunt
1392 3496 1440 3537 me
1454 3494 1577 3549 canere3
1600 3493 1667 3534 nam

381 3576 418 3637 de
438 3595 522 3637 more
542 3577 653 3652 arium,
675 3597 744 3639 eum
765 3576 889 3638 audiunt
909 3578 1036 3640 dulciter
1061 3576 1225 3654 modulare,
1247 3576 1378 3660 gaudent
1405 3591 1435 3637 et
1463 3574 1590 3637 letantur
1611 3574 1668 3633 ad-

382 3690 462 3738 tente
483 3676 519 3738 ad
548 3675 781 3738 modulationem
803 3677 894 3740 uocis.
915 3712 935 3724 -
957 3685 981 3738 ct
1002 3662 1124 3740 cortrone
1145 3698 1227 3750 saxa,
1250 3697 1302 3738 seu
1324 3675 1487 3759 plaudunt;
1509 3694 1577 3735 nant
1599 3694 1666 3734 cum

382 3778 448 3860 quis
469 3775 543 3838 bene
563 3778 653 3853 canit,
676 3775 797 3839 reboant
818 3798 949 3840 concava
970 3799 1051 3849 saxa,
1073 3794 1103 3839 et
1129 3798 1235 3840 rocem
1264 3775 1388 3838 eandem
1411 3775 1588 3848 remictuut;
1610 3793 1668 3856 que

383 3895 440 3938 vox
470 3874 588 3939 reboata
616 3875 691 3939 eclto
720 3892 914 3959 nuncupatur.
936 3912 956 3924 -
977 3876 1098 3947 Interea,
1127 3897 1179 3939 seu
1210 3876 1282 3937 dum
1311 3873 1455 3958 plaudunt
1481 3871 1616 3934 volucres
1638 3886 1668 3932 et

381 3996 523 4052 concaua,
545 3979 642 4039 tristes
663 3997 733 4039 cure
754 3997 805 4039 seu
828 3996 903 4051 mee,
924 3975 1042 4059 fugiunt
1064 3997 1116 4060 per
1137 3975 1247 4052 nubila,
1270 3989 1461 4037 evanescunt.
1482 4008 1492 4019 ·
1514 3971 1614 4033 lotide:
1629 3968 1668 4032 al·

382 4075 512 4162 loquitur
533 4076 636 4140 Gallus
657 4077 776 4139 dicens:
800 4093 842 4151 tu,
864 4099 882 4139 o
905 4092 1017 4161 uerene,
1040 4077 1186 4153 cumulas,
1208 4097 1329 4139 acerras
1350 4076 1441 4149 sitim,
1463 4073 1538 4135 idest
1558 4070 1668 4154 cupidi·

382 4192 473 4240 tatem
495 4193 525 4240 et
545 4179 722 4240 desiderium
743 4179 891 4240 adiseendi
914 4195 944 4240 et
957 4178 1130 4261 capescendi
1146 4178 1222 4239 lianc
1237 4176 1407 4260 cytheram3
1422 4174 1518 4247 laude,
1533 4192 1583 4233 seu
1598 4191 1666 4232 cunr

381 4277 468 4339 audio
490 4292 519 4339 te
540 4278 580 4339 ita
608 4293 669 4340 tam
691 4279 809 4361 egregie
830 4278 958 4340 laudare.
980 4313 999 4324 -
1014 4278 1066 4362 ser
1086 4288 1174 4362 operar,
1196 4276 1271 4339 idest
1299 4277 1389 4339 edoce
1417 4294 1465 4335 me
1486 4272 1668 4356 cytltaricare

380 4393 410 4440 et
430 4398 536 4440 canere
556 4380 633 4441 sicut
654 4394 683 4440 et
704 4380 868 4462 contingat,
891 4394 920 4440 te
941 4379 1026 4454 duce,
1049 4379 1123 4440 idest
1145 4395 1175 4440 te
1196 4395 1264 4441 ente
1286 4380 1439 4459 magistro,
1454 4376 1528 4438 idest
1550 4394 1597 4435 me
1619 4393 1667 4454 po·

380 4479 428 4540 tiri
448 4492 562 4560 optato,
584 4479 656 4539 idest
679 4499 768 4562 parre
801 4481 840 4540 rei
868 4495 978 4562 optate.
1007 4515 1026 4526 -
1057 4481 1153 4541 m'cnrm
1184 4500 1290 4540 irretitor
1310 4486 1336 4539 el
1356 4478 1570 4559 narentanorum,
1593 4474 1667 4535 idest

380 4562 496 4640 mernor
516 4577 604 4639 liuius
633 4577 771 4660 benelitij.
793 4614 813 4625 -
838 4579 874 4639 ad
902 4580 980 4662 quod
1012 4579 1200 4661 Respondet:
1225 4579 1315 4651 curn,
1337 4578 1411 4639 idest
1434 4576 1589 4644 Voluntas,
1616 4593 1668 4654 une

379 4677 454 4741 sulit
480 4678 617 4750 onirmnn,
640 4699 691 4739 seu
720 4678 796 4740 tibi?
824 4679 898 4740 idest
920 4700 990 4741 cura
1012 4679 1121 4765 (quirun
1141 4681 1176 4741 in
1203 4680 1268 4742 ltoc
1282 4673 1587 4752 uescendum
1600 4671 1697 4761 ”usse

377 4794 516 4864 cyteram,
537 4778 614 4843 idest
632 4782 766 4870 poesim)
782 4804 848 4849 sera
863 4806 918 4851 seu
940 4800 999 4867 est,
1011 4784 1095 4849 idest
1114 4778 1397 4867 tarda-,qusaianx
1409 4774 1568 4832 iuuentus
1583 4762 1737 4835 presses„
