4125 5217
824 419 855 468 {L
878 418 1066 469 uucottcuu
1090 417 1221 468 eltutus

999 840 1041 917 u

624 1062 679 1135 Gli
701 1063 869 1154 argumenti
890 1060 938 1131 del
959 1061 1023 1133 cod.
1048 1061 1168 1133 Esteuse
1190 1089 1222 1131 α.
1246 1088 1288 1134 w,
1313 1083 1345 1151 5.
1375 1084 1425 1134 12.

466 1354 602 1426 Studioti
625 1354 669 1448 gli
692 1356 874 1447 trgorncnti
897 1353 1029 1425 derivati
1054 1355 1093 1425 da
1118 1357 1153 1441 B,
1177 1358 1310 1428 trottero
1333 1356 1447 1427 orodi
1470 1356 1578 1450 quegli
1604 1357 1665 1449 epi·

377 1462 521 1545 thoututo,
545 1466 557 1534 i
579 1463 675 1558 quali,
698 1488 734 1535 se
765 1462 960 1533 credossinro
984 1464 1013 1534 al
1043 1465 1115 1536 cod.
1140 1492 1171 1533 α.
1195 1491 1237 1538 w.
1263 1487 1293 1556 5.
1322 1486 1361 1536 12
1386 1465 1603 1536 dell’listcnse
1634 1464 1665 1535 di

379 1572 532 1659 Modeno,
554 1572 724 1644 sorebbero
747 1575 819 1643 stati
849 1574 948 1644 scritti
983 1573 1035 1643 dol
1058 1576 1213 1646 Petrarcu.
1246 1577 1285 1647 In
1313 1574 1391 1646 altra
1415 1594 1501 1667 purte
1523 1573 1576 1645 del
1599 1576 1666 1643 mio

378 1679 491 1753 lavoro
514 1683 664 1753 cercheri»
688 1683 720 1752 ui
736 1684 911 1752 ritrovorne
934 1682 1103 1769 l'outore3
1127 1708 1184 1753 ort
1207 1688 1225 1753 i·
1248 1686 1360 1754 invece
1385 1687 1452 1754 otio
1469 1687 1612 1776 compito
1636 1684 1668 1754 di

380 1788 454 1861 clare
477 1790 507 1861 lt
529 1790 719 1884 genealogia
734 1789 785 1861 dei
809 1790 911 1861 codici
936 1792 995 1861 che
1019 1791 1041 1862 li
1065 1794 1276 1885 riportano‚e
1300 1796 1390 1886 pero,
1407 1793 1547 1864 tenendo
1564 1794 1667 1863 fermo

380 1898 403 1970 il
437 1903 584 1993 pensiero
608 1898 668 1971 alla
694 1900 863 1970 reduzione
887 1901 988 1971 tlatoci
1012 1899 1063 1971 dal
1086 1903 1197 1973 codice
1221 1923 1358 1989 este-nse,
1381 1902 1411 1972 la
1433 1903 1526 1996 quale
1549 1923 1669 1973 mostra

382 2008 417 2080 di
438 2011 593 2103 attingere
609 2010 830 2080 direttnutcutu
847 2008 887 2079 ud
911 2033 984 2096 ona,
1001 2011 1144 2104 perdutn,
1169 2012 1219 2081 ch'
1234 2015 1266 2082 io
1283 2012 1447 2083 chiamerri
1466 2014 1506 2098 D,
1524 2017 1591 2082 sarrl
1607 2015 1670 2082 ntia

382 2142 458 2190 cort
472 2118 505 2189 di
528 2117 602 2189 dare
625 2121 744 2188 notizia
766 2118 818 2190 dei
841 2143 917 2191 mss.
936 2120 995 2190 che
1017 2120 1040 2189 li
1064 2123 1268 2214 ricopiarono
1293 2149 1310 2191 e
1335 2120 1368 2190 di
1391 2122 1539 2192 ordinare
1558 2146 1671 2214 genea-

381 2226 594 2320 logicamente
628 2227 726 2321 quelli
760 2229 819 2299 clre
854 2232 1013 2299 mosrrino
1047 2249 1094 2299 tro
1129 2230 1199 2300 loro
1234 2230 1355 2302 affiniti
1388 2254 1410 2300 o
1445 2229 1614 2323 parentela.
1643 2231 1670 2300 ll

299 2404 302 2408 ,
383 2340 489 2431 primo
511 2361 636 2430 gruppo
661 2339 689 2406 ci
723 2337 832 2407 lutto
867 2338 950 2428 dagli
974 2342 1155 2428 argumenti
1179 2340 1237 2411 che
1262 2343 1289 2409 si
1313 2339 1455 2431 leggono
1480 2343 1531 2410 nei
1555 2340 1669 2411 colu:

506 2572 542 2667 u)
564 2573 753 2645 Mul-loru.
778 2597 817 2663 53
844 2573 891 2643 Pl.
916 2596 956 2660 52
983 2599 1001 2645 e
1023 2576 1112 2645 alul.
1136 2615 1149 2629 ·
1171 2576 1266 2645 Lour.
1296 2596 1333 2646 12
1358 2574 1406 2645 Pl.
1430 2597 1474 2666 90
1497 2577 1556 2669 inf.

472 2685 502 2754 A
525 2683 723 2776 persuadeni
747 2682 827 2752 dello
851 2687 949 2754 veriti
972 2684 1023 2754 dul
1048 2688 1115 2754 orio
1139 2707 1261 2755 asserto
1287 2687 1313 2754 si
1339 2686 1527 2755 raffronrino
1550 2686 1594 2777 gli
1616 2711 1670 2756 ar-

385 2795 534 2885 gumenti
558 2795 713 2886 premessi
736 2792 786 2862 all'
799 2793 861 2884 egl.
884 2795 937 2864 1⁸:

520 3011 628 3083 nt-L.
656 3033 694 3103 33
719 3010 765 3082 Pl.
792 3031 832 3100 52
1181 3013 1289 3083 ut-L.
1319 3031 1358 3081 12
1382 3011 1429 3083 Pl.
1454 3033 1497 3101 90
1519 3011 1577 3083 inf.

420 3142 500 3195 Iulos
516 3142 608 3211 egloge
628 3157 680 3210 que
692 3143 775 3210 prims
786 3152 826 3194 est
835 3143 863 3193 in
882 3143 974 3195 ordine
1119 3144 1162 3196 Ad
1180 3143 1336 3196 evidentiam
1364 3142 1456 3211 egloge
1485 3144 1566 3211 prime
1584 3146 1673 3214 egloge

386 3232 474 3287 titulus
492 3243 532 3286 est
550 3233 706 3302 portheniss.
724 3235 795 3300 quod
822 3250 918 3285 nomen
937 3234 975 3284 in·
1082 3235 1182 3287 domini
1201 3217 1318 3287 (rencisci
1343 3244 1459 3301 petrarce
1477 3237 1617 3286 notandum
1635 3248 1674 3287 est

386 3333 538 3393 terpretttur
564 3324 635 3376 omni
662 3324 715 3376 vito
745 3326 876 3392 probatus.
906 3325 973 3376 Nem
1083 3327 1242 3394 quodquod
1260 3325 1363 3377 Titulus
1381 3336 1421 3376 est
1439 3326 1673 3394 parthenios,quod

387 3414 512 3485 Virgilius
533 3415 680 3484 portheniss
699 3427 802 3468 vocotus
820 3426 868 3476 est,
881 3417 926 3484 qui
946 3416 973 3467 in
1083 3433 1178 3469 nomen
1193 3417 1376 3484 interpretatur
1388 3416 1460 3467 ornni
1474 3416 1526 3467 vito
1545 3419 1675 3483 probatus.

386 3506 435 3560 hoc
451 3507 544 3576 eglog·
562 3508 659 3575 primus
678 3518 703 3560 et
721 3507 868 3575 principalis
888 3519 975 3573 pastor
1084 3508 1152 3558 Num
1170 3515 1196 3557 et
1212 3507 1338 3575 Virgilius
1352 3508 1501 3574 parthenios
1520 3521 1624 3559 vocotus
1636 3522 1675 3559 est

385 3598 572 3660 loootlucitur3
592 3610 675 3666 potest
694 3610 809 3666 pretereo
835 3599 885 3650 dici
905 3600 975 3666 quod
1027 3587 1031 3721 ἢ
1084 3598 1128 3666 qui
1147 3599 1174 3650 in
1194 3599 1241 3650 hcc
1260 3599 1355 3667 egloga
1373 3599 1471 3666 primus
1484 3610 1509 3650 et
1529 3599 1676 3666 principalis

385 3689 478 3758 eglogs
494 3688 545 3741 isto
562 3699 666 3741 vocetur
680 3690 837 3749 Bartheniss,
851 3708 910 3740 narrt
929 3707 975 3757 per
1084 3699 1171 3757 pastor
1189 3690 1371 3750 introducitur,
1390 3699 1475 3757 potest
1494 3700 1608 3758 preterea
1625 3689 1675 3741 dici

386 3789 467 3833 tottm
485 3778 640 3846 iolrsscripti
658 3779 827 3831 collocutores
842 3782 975 3847 disputant
1084 3782 1155 3848 quod
1185 3782 1277 3849 eglogs
1308 3781 1358 3831 isto
1387 3790 1491 3831 vocetur
1521 3780 1676 3847 parthenios,

385 3872 419 3924 de
431 3870 574 3939 theologice
586 3871 685 3938 poesi...
704 3872 904 3923 introducuntur
924 3890 973 3923 au·
1085 3873 1153 3924 Nom
1173 3889 1218 3940 per
1238 3882 1317 3923 totoni
1337 3871 1492 3938 infrascripti
1510 3873 1676 3923 collocutores

387 3962 508 4015 tendito
536 3971 651 4029 postores
679 3963 796 4013 ilonicus
824 3974 850 4014 et
872 3963 975 4015 Silvius.
1029 3981 1032 4020 ι
1084 3964 1217 4030 disputant
1235 3964 1268 4014 dc
1288 3961 1431 4029 theologico
1454 3962 1575 4028 poesim.
1593 3963 1676 4013 lntro·

388 4069 433 4123 per
450 4052 557 4105 Silriurn
576 4052 631 4120 ipse
650 4063 726 4121 poeto
742 4053 915 4120 hulusoperis
935 4072 977 4105 au·
1029 4077 1033 4118 Ι
1084 4055 1213 4105 ducuntur
1231 4066 1317 4105 nutent
1345 4054 1398 4104 duo
1425 4067 1540 4120 pastores
1560 4055 1677 4105 ilonicus

388 4156 428 4197 tor
446 4145 608 4210 intelligitur.
628 4161 678 4196 eoc.
1085 4153 1111 4196 et
1128 4144 1241 4204 Silvius;
1260 4161 1307 4211 per
1319 4144 1427 4195 Silvium
1441 4144 1496 4211 ipse
1509 4155 1584 4212 poeto
1602 4145 1677 4194 liuius

793 4239 795 4243 ⁴
1085 4231 1171 4302 operis
1189 4244 1278 4287 auctor
1296 4235 1410 4301 intelligi
1426 4235 1500 4286 lebet.

477 4429 549 4501 Tui
572 4433 714 4523 rapporti
738 4454 947 4515 corronotra
971 4432 1000 4501 le
1024 4433 1087 4501 due
1111 4435 1251 4502 versioni
1276 4433 1335 4501 che
1362 4430 1448 4501 forse
1472 4431 1586 4499 ulcuno
1603 4435 1676 4499 nuri

388 4559 522 4633 pensato
546 4539 605 4608 che
628 4539 648 4607 l’
663 4564 725 4608 una
748 4540 847 4610 tlcrivi
871 4540 1056 4627 tlull'altru3
1081 4565 1165 4610 sono
1196 4542 1371 4611 lievissinre
1394 4543 1507 4610 inrero
1530 4539 1561 4608 le
1585 4539 1678 4608 dille-

344 4729 349 4736 ,
387 4671 481 4720 renze
505 4668 654 4718 notatee
690 4672 774 4740 poco
797 4652 886 4739 gravi
920 4650 1024 4743 quelle
1049 4652 1108 4720 che
1144 4653 1171 4720 si
1195 4675 1340 4743 possono
1361 4634 1568 4718 ‘riscootrure
1592 4648 1677 4740 negli

387 4755 457 4828 oltri
480 4758 680 4849 argornenti3
706 4782 757 4825 rna
782 4761 939 4829 conviene
961 4785 1096 4852 pensare
1121 4761 1181 4829 clre
1204 4761 1264 4829 l'rt
1287 4786 1305 4829 c
1329 4762 1390 4851 pi'u
1419 4759 1589 4843 l'inttlllg't
1615 4758 1703 4820 tunt
