4125 5217
805 389 838 441 ιι
860 389 1049 441 sueoncuu
1072 390 1204 441 meurs
1583 388 1645 461 2⁰3

327 711 332 718 .
371 652 480 714 minum
499 671 552 715 seu
573 648 695 734 ungula,
716 649 791 713 idest
811 649 910 735 planta
931 651 1039 734 premit
1061 671 1166 712 vernos
1188 651 1285 714 dores.
1307 651 1366 715 hue
1387 652 1458 714 dicit
1479 652 1547 735 qnia
1568 650 1650 715 liaeus

370 749 519 815 solitarius
539 764 585 813 est
605 750 722 833 dequo
752 748 902 834 loquitur,
928 750 1082 811 sciendum
1113 751 1192 834 quaid
1225 751 1280 812 nisi
1312 750 1373 812 dno
1394 750 1516 813 lluntina
1540 753 1649 814 circum

371 862 498 935 surgunt
517 848 657 925 aduersis,
679 850 754 911 idest
773 850 927 930 eontrarijs
950 847 995 911 vel
1027 851 1181 932 oppositis,
1203 848 1332 911 lantibus
1361 851 1390 912 in
1419 852 1482 934 ipso
1506 853 1652 913 territorio

371 950 495 1027 aretino,
516 949 548 1024 in
568 949 633 1033 ipso
653 949 840 1034 appennino;
860 950 891 1010 in
912 968 972 1032 qno
993 947 1084 1010 altera
1106 968 1142 1009 es
1164 965 1246 1033 parte
1268 947 1332 1011 lom
1354 965 1409 1026 est,
1424 971 1459 1012 ea
1481 972 1540 1035 quo
1560 953 1653 1013 oritur

372 1047 473 1112 tiberis
492 1046 611 1123 fluvius,
631 1049 683 1131 qui
715 1063 816 1132 petens
839 1061 963 1123 romam,
984 1046 1021 1109 ad
1043 1046 1171 1109 hostiam
1193 1064 1359 1131 pervectus,
1381 1052 1453 1111 mari
1475 1071 1506 1112 se
1527 1053 1653 1128 asneiat3

372 1146 474 1213 Altera
494 1167 565 1211 uero
586 1168 622 1210 ex
643 1162 725 1232 parte
746 1149 837 1232 ipsius
869 1148 978 1210 montis
1010 1146 1076 1208 lons
1108 1163 1162 1223 est,
1184 1168 1219 1209 es
1241 1168 1301 1231 quo
1322 1152 1411 1211 'arnus
1432 1148 1539 1212 fluvius
1561 1152 1653 1212 tuscie

372 1261 473 1310 ortum
492 1244 592 1310 ltabet.
613 1247 679 1310 ideo
700 1246 791 1309 dicit:
805 1246 866 1308 duo
888 1246 1010 1309 flumina
1026 1249 1139 1310 circum
1168 1262 1304 1330 surgunt,
1326 1249 1438 1309 circum
1459 1250 1537 1311 eirca
1558 1249 1652 1332 ipsunt

373 1357 506 1408 montem
527 1364 731 1422 nemorosum,
752 1347 781 1408 in
804 1347 870 1429 ipso
894 1349 1061 1430 appennino
1092 1348 1246 1421 situatum,
1268 1368 1327 1407 non
1349 1346 1475 1409 multum
1496 1347 1653 1408 distantem

373 1442 411 1507 ab
431 1444 493 1528 ipsa
513 1444 625 1507 aretina
645 1445 782 1522 cis·itate;
797 1461 923 1528 snrgunt
944 1445 1075 1508 adversis
1097 1446 1236 1508 lontibus.
1251 1481 1261 1492 ·
1277 1446 1346 1514 linc.
1361 1465 1412 1507 seu
1429 1444 1550 1520 flumen,
1563 1460 1653 1522 secat,

374 1543 450 1608 idest
468 1543 573 1608 dividit
586 1558 739 1620 etruscos,
758 1566 810 1607 seu
832 1549 940 1621 Amus,
960 1545 1073 1622 -iilud,
1095 1567 1147 1608 seu
1176 1545 1280 1631 tybris,
1302 1548 1375 1628 petit
1405 1565 1517 1607 romam
1538 1547 1655 1629 gurgite

373 1662 426 1706 seu
446 1662 511 1705 suo.
524 1676 536 1691 ·
549 1641 603 1715 iric,
618 1642 693 1706 idest
706 1644 736 1705 in
757 1643 815 1705 hoc
837 1643 914 1718 loco,
928 1664 980 1706 seu
995 1644 1099 1721 aretio,
1121 1666 1169 1729 ego
1191 1645 1275 1728 qnasi
1291 1645 1426 1728 Presngns
1440 1640 1563 1725 verituri,
1581 1644 1655 1705 idest

373 1742 471 1820 sortis,
486 1762 562 1821 mee,
576 1740 733 1805 volvebam
747 1763 865 1807 mecum
880 1742 1006 1827 piurima
1022 1745 1133 1820 tristia;
1148 1763 1216 1806 nam
1231 1741 1379 1822 laboriose
1392 1744 1489 1805 omnis
1503 1742 1593 1804 homo
1609 1763 1655 1803 na·

373 1840 423 1926 tali
445 1860 501 1906 suo
520 1841 556 1905 ad
577 1840 674 1905 lucem
697 1858 808 1905 mestus
830 1858 859 1906 et
881 1864 1002 1926 prorans
1033 1845 1123 1919 seuit,
1144 1842 1224 1928 quod
1246 1826 1291 1905 est
1319 1845 1457 1926 singnunt
1480 1838 1576 1904 future
1598 1843 1656 1903 rite

373 1955 468 2002 tneste
488 1954 518 2002 et
536 1937 642 2003 flebilis
663 1955 693 2002 et
713 1938 872 2023 angoribus
894 1940 1010 2024 plene·
1024 1938 1131 2025 ficiam
1153 1961 1271 2025 paceque,
1286 1942 1363 2002 sieut
1382 1940 1418 2002 de
1441 1959 1524 2002 more
1544 1955 1589 2001 est
1609 1960 1657 2000 na·

375 2039 531 2101 scentiam.
551 2074 562 2087 ·
582 2036 708 2111 deduius,
724 2039 798 2102 idest
819 2039 891 2101 deus
912 2042 984 2124 ipse,
1006 2039 1079 2102 sidit
1100 2060 1153 2102 seu
1174 2060 1223 2101 me
1237 2038 1274 2101 ab
1288 2037 1359 2115 alto,
1375 2037 1449 2101 idest
1469 2038 1580 2122 abipsa
1602 2059 1657 2101 sn·

300 2218 301 2221 Ἴ
376 2136 520 2201 blimitate
533 2136 589 2201 celi
603 2138 765 2214 considere,
786 2139 862 2202 idest
884 2159 1002 2201 manere
1024 2141 1099 2201 inter
1113 2160 1239 2201 annosas
1261 2139 1354 2223 lagos,
1371 2140 1445 2202 idest
1459 2140 1534 2201 inter
1553 2139 1657 2200 domos

376 2239 511 2322 antiquas
532 2239 622 2322 ipsius
643 2240 771 2301 civitatis
793 2241 913 2314 aretine,
936 2241 1043 2323 inqua
1066 2241 1128 2323 ipse
1148 2239 1309 2301 lranciseus
1331 2254 1417 2300 natus
1439 2254 1492 2301 est.
1513 2237 1570 2301 hoc
1592 2237 1658 2300 loeo

377 2338 510 2422 sequitur
529 2338 719 2420 oppinionem
741 2337 859 2401 illorum
880 2340 930 2421 qui
946 2340 975 2401 in
991 2340 1144 2401 nativitate
1158 2338 1262 2401 dicunt
1277 2354 1413 2400 constare
1435 2337 1511 2399 bona
1532 2353 1562 2399 et
1581 2336 1658 2399 mala

377 2438 438 2500 vita
458 2435 636 2514 hominum;
658 2458 724 2498 nam
747 2440 777 2498 in
801 2439 954 2499 nativitate
984 2438 1057 2500 dicit
1087 2437 1226 2501 dedalum
1258 2440 1284 2499 ei
1305 2438 1420 2499 dedisse
1441 2439 1586 2511 eitteram,
1607 2457 1657 2498 seu

381 2535 549 2620 eloquentie
568 2534 735 2598 facundiam
756 2535 793 2599 ab
815 2538 878 2620 ipso
898 2537 997 2599 datam
1021 2536 1119 2600 fnisse.
1134 2573 1145 2584 ·
1159 2539 1270 2599 necessi!
1290 2557 1341 2599 seu
1363 2534 1483 2599 dedalus
1505 2552 1544 2611 et,
1566 2535 1658 2597 serens

381 2637 475 2720 ipsam
496 2636 642 2709 cineram,
662 2635 735 2698 dixit
756 2635 865 2699 michi:
888 2659 902 2698 o
923 2646 1003 2721 puer,
1026 2639 1139 2720 (iscipu
1161 2636 1212 2697 ime
1233 2638 1319 2698 ritem
1340 2636 1433 2698 solare
1457 2644 1516 2697 inm
1537 2656 1614 2697 catatu
1637 2647 1660 2694 rt

381 2741 441 2799 taos
455 2733 581 2809 ·lodores,
602 2755 654 2798 seu
676 2752 705 2799 te
715 2736 908 2814 delectando,
923 2739 985 2820 ipsa
1001 2737 1189 2799 exercitando
1211 2753 1264 2799 tuo
1286 2737 1416 2819 ingenio.
1430 2770 1440 2782 ·
1455 2734 1578 2819 luselia!
1593 2737 1659 2798 Res·

379 2835 488 2919 pondet
501 2833 618 2919 gallus:
635 2834 762 2921 laistim!
777 2857 824 2921 ego
840 2834 890 2897 nlri
904 2842 967 2897 lunc
982 2833 1099 2897 niteram
1114 2856 1150 2897 eo
1166 2837 1323 2918 tempore?
1338 2833 1387 2903 ille
1406 2833 1487 2896 dedit
1501 2832 1553 2896 tibi
1568 2833 1658 2908 ham

343 2965 348 2972 ·
378 2932 501 3000 femme
521 2934 576 2998 hec
598 2935 724 3011 fortuna,
745 2951 807 2997 tam
827 2933 933 2997 blanda
954 2950 983 2996 et
1005 2950 1066 2997 tam
1093 2955 1231 3018 prospera
1254 2934 1356 2997 luisset
1376 2933 1436 3015 alij,
1457 2934 1533 2995 idest
1553 2932 1657 2995 alteri?

378 3034 462 3116 quasi
482 3031 582 3095 dieat-a
602 3036 716 3097 vlorsam
744 3035 918 3118 contigisset
944 3035 1034 3097 miehi
1065 3034 1142 3097 hane
1174 3034 1283 3096 habere
1313 3036 1446 3106 citerani,
1475 3033 1498 3093 si
1520 3030 1557 3113 ibj
1589 3046 1658 3092 tunc

379 3132 499 3196 fuissem
522 3132 571 3196 ubi
593 3150 626 3200 tu
646 3138 729 3196 eras!
751 3134 817 3196 ideo
838 3136 919 3210 dicit,
941 3133 1062 3197 dedalus
1085 3134 1175 3197 miehi
1198 3155 1250 3196 seu
1272 3133 1399 3195 dedisset
1414 3131 1496 3193 illam
1517 3134 1660 3206 elsteram,

380 3253 442 3311 seu,
456 3234 480 3296 si
496 3232 555 3297 illic
576 3234 745 3297 affuissem!
762 3236 844 3297 notit
866 3237 945 3297 enim
966 3237 1086 3318 egregie
1105 3237 1178 3318 ipse,
1194 3255 1245 3296 seu
1260 3231 1391 3309 dedalus,
1413 3233 1488 3295 idest
1509 3233 1569 3315 ipse
1591 3231 1660 3291 alens

380 3307 567 3417 eloquenti‘e3
589 3336 672 3395 norit
693 3355 744 3396 seu
766 3355 814 3396 me
835 3336 963 3419 egregie,
985 3336 1054 3418 quia
1075 3334 1155 3396 dedit
1176 3332 1268 3395 naichi
1291 3332 1491 3395 lieteraturam
1520 3347 1549 3393 et
1574 3331 1662 3392 liae-

382 3447 478 3494 ratum
499 3435 619 3516 egregie
651 3433 783 3509 reddidit,
814 3434 889 3496 idest
921 3449 1002 3496 extra
1035 3455 1157 3518 gregem
1190 3454 1238 3494 me
1269 3434 1381 3495 docuit.
1404 3434 1470 3494 ideo
1492 3430 1660 3512 subiungit:

381 3538 464 3615 aipnc
483 3532 626 3593 iuicrainm
646 3534 723 3594 visus
744 3552 842 3593 aratura
862 3541 901 3595 esi
914 3554 966 3596 seu
981 3555 1040 3609 nte,
1055 3535 1121 3596 ideo
1136 3532 1246 3595 lorsam
1262 3533 1405 3607 affuisset,
1420 3548 1489 3594 tune
1510 3530 1558 3593 ille
1574 3531 1662 3592 ram-la·

381 3632 503 3693 citeram
523 3630 659 3693 dedisset.
674 3666 684 3677 ·
699 3630 770 3693 imm
784 3633 913 3693 ntininrc:
932 3634 1100 3716 Respondet
1122 3634 1233 3695 tirenus
1248 3632 1339 3715 quod,
1353 3633 1488 3714 quantus
1503 3629 1598 3714 gallus
1614 3630 1662 3691 ilu-

381 3730 449 3792 dem
462 3729 576 3807 fuisset,
590 3751 649 3793 non
671 3731 804 3793 eamdem
826 3735 947 3794 citeram
964 3735 989 3793 ei
1005 3733 1142 3807 dedisset,
1158 3754 1227 3794 nam
1243 3731 1417 3793 naturaliter
1431 3733 1484 3813 ipsi
1500 3733 1593 3793 tireno
1608 3730 1661 3791 laec

310 3828 313 3834 '
382 3830 502 3891 citeras
518 3829 666 3904 deodata,
687 3832 773 3892 insita
795 3847 876 3907 erat;
898 3832 964 3892 iden
987 3832 1165 3914 respondens
1188 3831 1279 3893 dicit:
1302 3851 1353 3892 seu
1373 3832 1494 3892 eiteram
1516 3830 1590 3892 lianc
1613 3831 1663 3891 mi·

383 3929 471 4004 nime,
486 3928 561 3991 idest
577 3950 635 3990 nnn
651 3928 702 3991 tibi
724 3930 860 4004 dedisset,
882 3933 1017 4013 quamtis
1033 3930 1188 4009 adfuisset;
1205 3931 1255 3992 scd
1271 3930 1345 3992 forte
1359 3928 1447 3991 aliam
1470 3951 1521 3991 seu
1543 3931 1661 3991 citerani

381 4026 520 4104 dedisset,
536 4028 619 4090 idest
631 4029 721 4091 alium
744 4030 866 4091 modum
888 4030 1024 4113 loquendi
1049 4047 1077 4092 et
1100 4030 1249 4114 poetandi,
1265 4030 1315 4091 sed
1338 4050 1397 4090 non
1413 4030 1559 4112 eumdem.
1573 4064 1583 4075 ·
1599 4049 1663 4087 raram

382 4128 464 4190 milio
485 4128 574 4191 astralia
595 4149 647 4191 seu
669 4129 775 4192 harum
796 4132 967 4205 citaratunt,
982 4130 1056 4192 idest
1079 4128 1306 4192 innumerabiles
1332 4128 1436 4189 tttndos
1458 4127 1594 4210 loquendi
1617 4125 1664 4187 ille

382 4225 481 4301 habet,
503 4248 554 4288 seu
576 4227 707 4305 dedalus,
723 4229 795 4291 idest
810 4230 882 4290 dens
906 4227 950 4290 sel
973 4245 1086 4291 natura.
1108 4265 1118 4275 ·
1139 4230 1187 4290 sni
1200 4236 1264 4289 ‹rraie
1286 4227 1334 4288 din
1355 4249 1439 4312 ‹pmm
1460 4237 1571 4311 presens·
1591 4226 1663 4287 siim

382 4327 497 4397 vireret,
519 4326 594 4388 idest
614 4343 682 4389 ante
704 4347 793 4410 quant
814 4330 918 4391 civitas
940 4330 1051 4390 aretina
1074 4346 1102 4391 et
1123 4329 1178 4392 ltec
1201 4328 1307 4389 dontus
1323 4322 1419 4389 ¹essent
1440 4326 1523 4391 lacte.
1538 4326 1590 4387 lrec
1614 4345 1663 4385 seu

383 4428 473 4489 eitera
494 4425 588 4488 luerat
609 4429 751 4510 promissa
774 4427 865 4490 michi
877 4451 884 4503 ;
906 4429 989 4511 quasi
1012 4428 1050 4489 ab
1071 4445 1172 4490 eterno
1194 4429 1372 4512 promissum
1395 4426 1450 4488 luit
1471 4428 1500 4487 in
1521 4426 1565 4505 dej
1588 4445 1666 4486 eom·

384 4540 486 4608 spectu
509 4526 654 4589 mellanc
675 4529 797 4589 citerani
818 4530 951 4610 optinere
973 4527 1089 4596 debere,
1113 4550 1180 4589 nana
1202 4530 1242 4589 sic
1266 4543 1294 4588 et
1316 4542 1461 4588 statutum
1476 4541 1536 4586 erat
1559 4526 1586 4585 in
1606 4527 1665 4605 ipsa

383 4617 429 4707 del
451 4627 582 4709 potentia
610 4642 698 4710 utque
728 4628 928 4710 presidentia;
957 4629 997 4688 ita
1029 4626 1105 4689 hanc
1134 4626 1242 4689 lubere
1274 4647 1333 4688 non
1362 4642 1488 4709 poteras,
1510 4625 1558 4687 sed
1590 4624 1663 4686 torte

383 4723 471 4788 allant
493 4741 606 4789 natura.
628 4762 647 4774 -
668 4736 767 4804 parler,
788 4749 839 4790 seu
862 4750 938 4804 ntea,
957 4736 1056 4814 partu,
1078 4748 1129 4789 seu
1151 4748 1220 4790 enm
1242 4726 1331 4790 vellet
1352 4748 1400 4789 nte
1420 4747 1530 4811 parete,
1546 4726 1666 4812 rogabat
