4125 5217
379 404 445 491 236
890 416 1041 468 autento
1063 417 1170 466 avena

381 683 536 768 descripsit
557 698 640 766 gesta
669 680 762 743 tlaesei
785 680 861 764 regis
882 678 1067 766 athenarum.
1088 714 1109 727 ·
1130 680 1166 741 lit
1188 678 1324 741 describit
1346 679 1437 741 alium
1458 696 1594 764 poetam,
1616 701 1667 743 seu

348 783 352 791 ’
383 805 545 859 roscreen,
560 784 610 868 qui
626 783 771 865 asumpsit
790 778 954 848 describere
974 781 1155 843 occisionem
1178 768 1390 854 tlaebanorum3
1405 794 1444 855 et,
1459 780 1530 842 dum
1545 796 1622 843 esset
1639 781 1668 843 in

384 886 483 949 medio
505 900 660 968 gestorum
681 880 888 955 thebanorum,
903 881 981 964 cepit
995 878 1075 943 aliud
1096 900 1180 963 opus,
1194 900 1246 941 seu
1260 879 1297 940 de
1311 899 1413 941 amore
1433 894 1463 941 et
1480 879 1538 944 ltoc
1553 879 1670 958 oculte;

384 1001 414 1048 et
434 984 590 1067 descripsit
610 983 648 1044 de
669 980 754 1043 turba
776 981 940 1042 amantium
962 996 991 1042 et
1017 979 1092 1055 hoc,
1113 980 1227 1041 eductis
1249 977 1378 1041 etltiocle
1398 994 1427 1041 et
1449 978 1588 1063 pollinice
1608 978 1671 1043 lra-

385 1082 478 1147 tribus
502 1079 679 1144 bellantibus
700 1078 799 1141 simul.
815 1114 833 1127 -
850 1083 886 1142 Et
906 1079 1064 1163 descripsit·
1081 1078 1172 1141 alium
1195 1094 1324 1162 poetam,
1343 1099 1395 1140 seu
1411 1099 1541 1155 atacaun,
1556 1080 1606 1163 qui
1628 1099 1673 1141 ce·

385 1197 469 1267 perat
490 1182 526 1244 ad
553 1179 744 1243 scribendum
773 1200 806 1241 ea
835 1199 893 1264 que
922 1178 1079 1263 reliquerat
1105 1198 1195 1243 seues
1216 1176 1357 1240 homerus
1385 1178 1422 1240 de
1450 1179 1540 1261 gestis
1562 1176 1672 1241 ethoris

386 1283 516 1365 tropaei,
526 1279 734 1363 etdescripsit
745 1280 787 1346 lta
809 1277 986 1363 frustraque
1009 1294 1212 1340 remanserunt
1233 1294 1300 1361 post
1322 1277 1675 1340 utorteutcthorism-et
1689 1321 1726 1331 ---

333 1383 338 1389 “
385 1379 525 1443 describit
552 1378 646 1441 alium
676 1395 812 1462 poetnn,
833 1399 884 1439 seu
907 1398 1090 1454 annuamus,
1117 1377 1167 1462 qui
1195 1379 1340 1461 asumpsit
1368 1398 1420 1460 pro
1449 1377 1571 1440 tuateria
1595 1376 1675 1461 quod

387 1500 458 1542 usus
479 1493 634 1561 acceperat
656 1498 790 1552 uxorem,
811 1499 863 1539 seu
884 1479 1077 1554 memmiam,
1099 1493 1185 1539 etex
1214 1478 1276 1540 istis
1298 1493 1366 1539 uara
1388 1491 1431 1539 est
1452 1498 1510 1539 una
1532 1476 1602 1552 lilia,
1623 1497 1675 1539 seu

386 1576 693 1662 sapientiapulcra,.;
705 1575 890 1651 etdescribit
904 1576 995 1638 alium
1018 1594 1147 1660 poetam,
1162 1598 1213 1638 seu
1230 1597 1396 1651 missumst,
1410 1577 1459 1661 qui
1474 1577 1602 1660 sumpsit
1623 1596 1687 1659 pro.

388 1678 511 1740 artateria
532 1678 700 1759 vituperare
723 1675 829 1758 vulgus
851 1677 989 1737 insanum
1012 1692 1041 1737 er
1062 1675 1213 1759 caprulam
1235 1674 1403 1759 (crapulam
1414 1676 1442 1758 ?)
1466 1676 1584 1737 centris.
1606 1690 1677 1738 -et

390 1776 537 1841 Describit
557 1775 649 1837 alium
673 1791 802 1858 poetrun,
816 1797 867 1838 seu
883 1796 1013 1849 summat,
1029 1776 1079 1858 qui
1102 1776 1249 1858 vituperat
1265 1795 1385 1837 romana
1407 1790 1501 1857 gesta,
1515 1794 1573 1859 que
1594 1790 1678 1837 erant

389 1875 506 1938 laudata
521 1873 559 1935 ab
573 1873 723 1935 omuibus.
741 1907 753 1919 ·
772 1877 808 1936 Et
823 1873 962 1937 describit
981 1873 1085 1947 alium,
1100 1895 1152 1935 seu
1170 1895 1282 1937 cassan
1304 1890 1423 1958 poetam
1445 1894 1613 1951 romanum,
1627 1875 1678 1958 qui

388 1973 607 2059 dicebat-quod
629 1990 715 2056 poeta
737 1972 862 2035 debebat
883 1972 1033 2057 publicare
1053 1994 1128 2056 opus
1149 1994 1237 2035 sumn
1259 1975 1312 2057 nisj
1334 1988 1402 2057 post
1423 1994 1536 2036 nonum
1551 1994 1679 2050 annmn;

389 2073 558 2138 ideo-dicit:
581 2089 683 2157 pastus
699 2074 809 2157 partior
830 2074 922 2157 pascit
943 2072 1033 2148 laune,
1048 2093 1099 2134 seu
1115 2074 1253 2134 Cinnam.
1268 2089 1297 2135 et
1319 2073 1376 2136 boc
1400 2071 1593 2156 pastoraliter.
1608 2108 1627 2121 ·
1642 2075 1680 2136 Et

389 2172 529 2235 describit
550 2171 642 2235 alium
665 2189 794 2255 poetam,
808 2193 859 2234 seu
882 2193 1062 2247 nosnomust,
1082 2188 1200 2255 poetam
1223 2193 1378 2234 romanum
1400 2172 1541 2248 nobilem,
1562 2173 1612 2257 qui
1634 2172 1681 2234 de·
1730 2210 1732 2214 ν

390 2271 529 2336 scribitur
550 2293 566 2333 a
589 2271 744 2335 nobilitate
771 2270 918 2334 consulari
940 2287 969 2333 et
990 2270 1136 2347 naturali;
1166 2287 1194 2333 et
1216 2271 1283 2333 ideo
1304 2271 1394 2334 dicit:
1425 2271 1505 2335 hunc
1528 2288 1559 2334 tu
1581 2271 1680 2334 videas

392 2387 510 2455 portare
531 2373 660 2434 securim
683 2372 775 2454 rigida
796 2373 826 2433 iu
847 2372 965 2455 signum
988 2373 1108 2446 iustitie,
1123 2371 1207 2433 illum
1221 2371 1289 2433 dico
1310 2369 1681 2448 ornantemconsulatum,

391 2473 462 2554 quia
483 2491 637 2553 antiquam
660 2472 796 2533 ructarit.
810 2506 821 2518 ·
837 2474 873 2533 El
887 2469 1024 2533 describit
1042 2470 1125 2545 alios,
1146 2491 1197 2532 seu
1224 2491 1373 2545 curtatus,
1388 2471 1437 2555 qui
1459 2472 1577 2554 scripsit
1598 2470 1683 2533 ualde

393 2572 523 2651 graviter
543 2572 725 2632 sententiose
740 2585 769 2632 et
791 2572 851 2652 ipsa
873 2572 1001 2652 gravitas
1024 2569 1128 2632 extulit
1146 2572 1252 2653 ipsum.
1268 2605 1278 2617 ·
1292 2568 1345 2654 [Et
1359 2568 1498 2632 describit
1512 2569 1615 2647 alium,
1629 2590 1681 2632 seu

394 2688 513 2741 nemun,
528 2669 579 2751 qui
599 2667 763 2749 deplorauit
786 2682 918 2750 tempora
940 2666 1076 2741 labentia,
1099 2667 1164 2728 ideo
1186 2667 1276 2729 dicit:
1299 2666 1346 2728 hic
1369 2668 1472 2729 Furius
1493 2669 1544 2751 qui
1565 2683 1683 2730 nectere

393 2767 507 2830 studuit
528 2788 644 2829 artiores
667 2766 814 2850 fugientes
834 2765 934 2828 subtili
955 2769 1087 2828 carmine
1108 2788 1182 2841 suo;
1208 2765 1257 2828 ille
1278 2782 1402 2829 conatus
1424 2786 1461 2827 ne
1482 2766 1684 2850 tempora-lu·

395 2881 499 2951 gerent
531 2883 560 2928 et
591 2881 725 2928 arcerent
754 2882 886 2949 tempora
918 2868 979 2949 ipsa
1005 2868 1136 2929 carmine
1157 2865 1298 2951 poetico].
1319 2902 1339 2913 -
1361 2870 1397 2928 Et
1422 2866 1560 2929 describit
1581 2865 1684 2942 aliurn,

394 2986 446 3028 seu
471 2985 619 3040 merstem,
640 2966 690 3049 qui
712 2967 826 3052 accepit
846 2963 1011 3028 describere
1033 2986 1187 3028 romanum
1211 2965 1321 3028 bellum
1343 2967 1494 3049 punicum,
1508 2964 1575 3027 ideo
1596 2965 1683 3028 dicit:

395 3063 615 3149 ille,qui.,trasit
630 3081 886 3147 nausaspeonatas
897 3064 934 3127 ad
950 3087 1030 3127 arma
1046 3066 1163 3150 punica,
1178 3067 1249 3127 dum
1265 3081 1308 3139 tu,
1329 3064 1581 3141 ataibaL-esses--in
1594 3064 1683 3127 italia.

474 3166 513 3225 Et
545 3162 684 3225 describit
715 3163 817 3241 alium,
845 3184 896 3225 seu
929 3186 1071 3242 cantarat,
1099 3167 1149 3251 qui
1178 3165 1331 3246 descripsit
1359 3164 1511 3248 quomodo
1539 3162 1685 3226 debebant

396 3261 457 3323 lieri
480 3263 652 3323 terrationes
674 3278 703 3323 et
724 3284 805 3326 arma
828 3263 976 3341 versatilia,
998 3281 1027 3326 et
1049 3265 1149 3327 docuit
1171 3280 1326 3326 senatores
1348 3262 1410 3326 lieri
1440 3265 1539 3348 etqui
1566 3265 1685 3326 miscuit

395 3359 500 3423 silvam
533 3361 664 3424 tumultu
697 3379 882 3425 renatorum.
913 3399 933 3410 -
964 3366 1002 3425 Et
1034 3363 1172 3426 describit
1204 3363 1296 3426 alium
1331 3379 1469 3447 poetam,
1500 3384 1553 3425 seu
1585 3383 1684 3426 nsccn

396 3460 570 3544 (largumi)
592 3462 642 3546 qui
675 3461 827 3545 descripsit
861 3484 1006 3525 recessum
1035 3464 1206 3525 anthenoris
1228 3462 1264 3525 de
1297 3479 1397 3548 troya,
1420 3478 1449 3524 et
1471 3464 1550 3524 uenit
1572 3484 1612 3547 yu
1632 3447 1685 3524 ita·

396 3560 485 3637 liam,
506 3577 535 3622 et
556 3563 606 3644 qui
635 3561 718 3623 duxit
741 3566 922 3624 Antenorem
951 3561 987 3623 ad
1015 3578 1119 3646 gentes
1147 3564 1304 3646 padoanas.
1325 3598 1336 3610 ·
1357 3566 1394 3625 Et
1415 3562 1486 3624 dicit
1511 3562 1611 3634 alium,
1632 3583 1684 3625 scu

397 3681 496 3723 runca
526 3662 700 3745 antiquum,
732 3662 782 3745 qui
813 3660 965 3744 descripsit
996 3662 1147 3746 quomodo
1179 3661 1261 3724 elena
1283 3660 1337 3723 luit
1366 3661 1409 3723 bis
1432 3677 1530 3745 rapta,
1551 3662 1684 3745 primos

396 3759 511 3836 theseo,
526 3781 624 3822 seroa
646 3761 797 3845 priamide.
813 3761 878 3822 ideo
893 3763 979 3824 dicit:
1002 3762 1051 3824 ille
1065 3763 1115 3847 qui
1139 3762 1231 3824 reddit
1253 3761 1368 3824 elenam
1390 3777 1503 3845 raptam
1526 3760 1569 3823 bis
1590 3762 1685 3846 grecis

397 3856 526 3941 fatigatis
544 3875 573 3920 et
594 3858 652 3922 boc
674 3862 835 3923 comitante
856 3863 972 3924 marito,
987 3898 1006 3908 -
1021 3865 1059 3924 Et
1080 3861 1218 3923 describit
1238 3859 1341 3938 alium,
1355 3882 1407 3923 seu
1429 3882 1547 3925 rusculi
1567 3862 1617 3946 qui
1638 3861 1686 3924 de·

396 3960 519 4041 scripsit
541 3960 696 4021 materiam
719 3958 860 4035 Phillidis‚
875 3981 932 4044 que
952 3962 1061 4023 occidit
1082 3982 1113 4022 se
1134 3982 1235 4022 aratore
1256 3960 1476 4043 demoplaontis,
1496 3959 1547 4042 filij
1571 3961 1652 4023 terei.
1666 3996 1686 4007 -

398 4061 436 4120 tia
457 4056 596 4120 describit
617 4058 721 4135 alium,
741 4080 792 4121 seu
814 4061 1068 4144 t·ut·1cnsun‚qui
1090 4059 1249 4142 descripsit
1277 4058 1407 4122 luxurias
1429 4059 1573 4144 pltcacom
1596 4080 1686 4143 popu·

397 4156 496 4218 lorum
518 4173 547 4231 et
569 4159 700 4240 ipsorum
730 4179 836 4220 mores.
858 4195 877 4206 -
898 4174 927 4222 et
947 4159 1018 4222 dicit
1044 4158 1152 4235 alium,
1173 4180 1225 4221 seu
1247 4179 1435 4234 caitcmsuu,
1456 4160 1506 4244 qui
1527 4158 1686 4242 descripsit

398 4254 546 4318 excidium
576 4258 725 4318 troianum
753 4273 820 4340 post
848 4275 973 4319 unntem
999 4259 1116 4334 ectoris‚
1139 4274 1167 4319 et
1189 4256 1259 4318 ilion
1282 4278 1427 4319 euersum.
1448 4293 1468 4304 -
1490 4261 1527 4319 Et
1548 4255 1686 4320 describit

397 4353 501 4431 alium,
521 4377 573 4417 seu
597 4377 738 4431 incantat,
759 4358 808 4440 qui
841 4355 894 4418 luit
921 4358 961 4419 ita
992 4359 1123 4441 optimus
1155 4357 1233 4442 quod
1265 4358 1374 4418 meruit
1397 4355 1506 4417 habere
1527 4356 1633 4418 tulium
1656 4357 1684 4418 in

397 4475 485 4517 suum
507 4455 696 4539 discipulum.
717 4455 784 4516 ideo
814 4454 904 4518 dicit:
938 4455 1039 4540 linquo
1071 4478 1182 4530 senem,
1204 4456 1278 4518 idest
1310 4455 1443 4540 linquere
1467 4476 1527 4517 non
1554 4455 1686 4531 intendo,

397 4556 448 4639 qui
479 4576 568 4617 senex
601 4556 780 4618 coullarerat
813 4573 841 4617 et
873 4555 980 4619 lecerat
1000 4558 1054 4619 sibi
1088 4558 1193 4620 tullum
1226 4558 1300 4619 bene
1332 4572 1486 4618 sonantem
1515 4572 1545 4618 et
1576 4555 1684 4619 tibrum

397 4656 463 4737 (sir)
484 4656 638 4741 ytalicum,
659 4677 711 4717 seu
733 4658 795 4739 ipse
816 4655 916 4718 tulius.
937 4692 957 4703 -
978 4672 1006 4718 et
1028 4657 1165 4718 describit
1187 4657 1279 4718 alium
1304 4672 1435 4739 poetam,
1456 4676 1508 4717 seu
1530 4675 1685 4732 canuntur«,

394 4757 447 4837 qui
466 4772 607 4818 strenuus
628 4777 797 4833 arntorum3
819 4771 847 4818 et
869 4757 924 4818 iste
939 4756 992 4819 luit
1014 4756 1097 4819 miles
1117 4755 1202 4819 ralde
1223 4753 1332 4839 probus
1354 4770 1488 4840 tempore
1508 4756 1625 4833 cesaris,
1647 4769 1686 4831 et,
