4125 5217
409 392 469 443 120
909 390 1058 439 ANTONlO
1081 392 1189 438 avitus

406 523 915 536 a—-n———n-—m
1417 526 1694 538 ————--—-——.-

410 655 613 759 Blanditiis
644 676 773 736 tamen
805 651 1029 757 aggrediar:
1061 653 1160 753 Quo
1191 651 1396 760 Pamphile
1425 675 1461 737 et
1492 656 1619 739 ualde?

411 789 577 885 Quosve
607 783 718 865 leveos
748 780 929 862 liabitas?
959 809 1088 862 serum
1119 800 1184 862 tua
1214 779 1378 862 claustra
1408 781 1567 863 revisis!

413 912 524 1011 Quid
555 910 717 993 fremis?
749 910 866 1015 inque
896 909 1002 1014 gravi
1034 908 1100 1016 qui
1132 906 1250 990 fervet
1279 908 1437 1014 spiritus
1467 913 1564 992 ore?
1675 953 1699 980 ιο

185 1020 584 1125 1’r111·‘·²0⁶l[l³urcir‘er
614 1038 689 1131 bic,
722 1036 870 1117 blitio?
901 1063 969 1115 uec
999 1055 1035 1116 te
1065 1034 1274 1115 durissima
1302 1056 1456 1116 sontem

412 1166 551 1250 Sorbet
571 1163 705 1246 'adbuc
735 1161 881 1244 tellus?
914 1163 993 1244 lam
1026 1162 1101 1243 iam
1134 1160 1310 1243 mirabile
1340 1159 1493 1243 nullum
1523 1184 1592 1260 est,

412 1296 453 1377 Si
485 1313 690 1375 nemusaet
720 1319 866 1373 ruesses
896 1310 1009 1396 atque
1039 1288 1186 1383 onuria,
1209 1316 1325 1370 versa
1356 1310 1579 1386 retrorsum,

413 1423 532 1530 Spem
562 1418 688 1502 lusere
719 1445 859 1499 meam.
890 1416 963 1497 Cui
996 1414 1121 1521 prola!
1152 1414 1329 1496 custodia
1359 1415 1451 1497 culti

414 1546 569 1631 Credita
599 1547 696 1628 ruris
726 1546 835 1626 erat?
866 1544 927 1624 cui
957 1570 1047 1649 gres
1079 1540 1294 1649 pascendus
1326 1544 1364 1624 in
1395 1541 1541 1626 herba?
1678 1586 1702 1625 ις

417 1672 705 1781 Intempestivis
736 1672 931 1777 perierunt
960 1668 1153 1750 mortibus
1184 1670 1300 1775 agni;

418 1799 566 1886 Defessi
599 1799 743 1907 periere
773 1796 906 1893 boves,
937 1795 1110 1904 laircique
1140 1816 1360 1903 supersunt,

418 1924 696 2033 Immundique
725 1952 827 2018 sues,
858 1952 958 2031 quos
988 1921 1102 2003 luxus
1132 1942 1168 2004 et
1198 1923 1278 2005 otia
1307 1922 1495 2007 tendunt:

417 2050 552 2135 Turba
582 2050 721 2132 nociva
750 2051 855 2143 satiS,
886 2047 992 2130 nulla
1021 2077 1097 2156 que
1127 2046 1212 2155 lege
1243 2078 1309 2157 per
1339 2078 1454 2155 agros

418 2179 621 2287 Spargitur
650 2175 855 2269 insultans,
886 2174 1131 2283 virgultaque
1161 2175 1341 2258 dentibus
1373 2178 1472 2270 urit;
1682 2219 1709 2257 ,ο

419 2306 499 2387 lam
532 2324 686 2385 montes
717 2300 848 2383 infecit
878 2300 989 2397 odor,
1022 2322 1246 2384 nostramve
1275 2305 1458 2410 quietem.

203 2431 275 2511 lli.
378 2426 537 2533 [Haud
568 2430 731 2536 inopina
760 2427 920 2536 quidem
951 2429 1078 2536 patior
1107 2430 1304 2522 convitia;
1335 2430 1483 2513 dudum

418 2555 582 2662 Singula
612 2583 702 2636 nam
732 2556 850 2636 tacito
881 2575 1046 2637 tractans
1075 2555 1148 2636 sub
1180 2577 1333 2663 pectore
1363 2585 1517 2639 mecum

416 2683 656 2764 Vaticinatus
685 2710 816 2763 entur:
847 2729 871 2743 -
903 2683 983 2764 lam
1013 2681 1192 2764 turbidus
1223 2683 1287 2766 ille
1318 2683 1468 2780 redibit,

418 2811 501 2891 Nec
530 2810 629 2890 servi
659 2829 782 2915 terge,
814 2819 883 2891 nec
913 2810 1028 2892 amici
1058 2838 1211 2918 parcere
1241 2809 1342 2893 lame
1440 2825 1465 2835 ''

420 2938 583 3030 Doctus,
614 2964 685 3017 nec
714 2936 838 3042 rigida
867 2938 1050 3045 pietatem
1081 2937 1282 3021 admittere
1312 2937 1448 3023 fronte.
1481 2989 1502 3002 -

422 3062 637 3170 Pamphile,
667 3091 786 3170 quam
817 3062 927 3147 facile
956 3085 1013 3146 est
1043 3064 1210 3147 alienam
1241 3093 1393 3173 carpere
1422 3068 1567 3150 uitaml

421 3191 556 3287 Quam
586 3189 728 3272 durum
759 3219 908 3273 servare
936 3195 1076 3275 suam!
1107 3192 1167 3274 Te
1198 3191 1295 3275 forte
1326 3195 1527 3301 magistro,

420 3317 588 3423 Segnior
617 3316 719 3399 haud
749 3318 933 3425 gregibus
964 3347 1071 3401 mors
1102 3348 1145 3400 ac
1174 3320 1292 3428 lupus
1322 3321 1475 3427 ingruat
1505 3321 1632 3404 albis?

421 3445 694 3551 Nequicquam
726 3444 943 3553 baculoque
973 3448 1105 3527 minas
1135 3446 1325 3555 vultuque
1354 3450 1527 3541 venires;
1685 3492 1712 3527 ⁴0

422 3569 488 3651 Nil
519 3569 589 3652 tibi
619 3572 739 3652 tristis
769 3570 895 3654 biems
925 3574 1174 3682 (quanquam
1205 3601 1358 3656 cessura
1387 3576 1504 3681 rigori

423 3695 491 3779 llla
520 3698 627 3805 tuo),
659 3698 712 3779 uil
745 3726 810 3778 ver
838 3697 1016 3794 dubium,
1049 3699 1102 3781 nil
1134 3700 1338 3782 rtuubidus
1368 3723 1505 3797 auster,

420 3823 486 3905 Nil
517 3822 587 3905 tibi
617 3824 663 3906 de
693 3826 854 3933 proprio
884 3826 1057 3908 violenta
1088 3829 1299 3911 remitteret
1327 3849 1451 3922 estus;

424 3952 518 4032 Nou
549 3949 727 4033 volucres
757 3955 892 4060 segeti,
924 3981 1003 4034 non
1036 3954 1198 4036 mitibus
1229 3954 1366 4037 umbra
1396 3958 1570 4051 racemis,

300 4133 304 4140 -
423 4078 515 4158 Non
547 4106 659 4185 caper
688 4078 903 4175 arboribus,
935 4109 1014 4163 non
1046 4080 1187 4163 bucula
1218 4104 1385 4189 parceret
1415 4082 1553 4165 herbis.
1690 4126 1714 4163 ιε

205 4211 321 4287 'l’rma
379 4206 567 4310 mutuae
598 4234 673 4309 ego
705 4229 837 4313 pastor
865 4237 982 4303 erant,
1013 4208 1108 4290 dum
1139 4229 1237 4304 trux,
1268 4210 1491 4317 turpissime
1523 4240 1663 4305 rerum,

428 4333 588 4426 Nereus,
620 4332 782 4415 adverso
814 4364 974 4442 pascens
1005 4337 1043 4417 in
1075 4336 1216 4417 vertice
1244 4358 1389 4431 tauros

424 4457 460 4538 T
464 4486 709 4540 ransversum
740 4460 878 4543 deiecit
908 4460 1032 4556 lrunri,
1063 4483 1099 4544 et
1129 4490 1246 4569 pecus
1275 4491 1395 4545 omne
1426 4463 1580 4572 parabat

494 4753 525 4803 V.
549 4754 597 4804 rs:
618 4753 747 4820 qtarnplrilc
767 4783 774 4792 ·
796 4755 826 4804 Υ.
847 4768 897 4811 21:
919 4756 991 4808 tuitio
1010 4784 1019 4797 ·
1038 4757 1071 4809 V.
1091 4757 1144 4823 38:
1166 4768 1198 4808 te.
