4125 5217
875 348 1026 401 ANTONIO
1049 348 1156 399 ΗΒΕΑ

995 1281 1045 1364 11.

692 1497 1038 1584 BENVENU'I'O
1068 1498 1144 1579 DA
1174 1496 1351 1579 lMOLA

656 1718 760 1802 Con.
795 1744 838 1824 33
873 1717 998 1798 Prur.
1033 1740 1078 1822 52
1111 1715 1392 1797 Lnununztann

901 2003 1054 2098 uem
1078 2002 1150 2097 vu

460 2262 533 2337 Quis
555 2280 671 2321 aternus:
695 2262 725 2322 ln
741 2258 797 2320 hac
814 2257 915 2341 eglora
937 2272 1024 2319 autor
1046 2255 1172 2318 intendit
1186 2254 1350 2318 describere
1364 2271 1473 2318 statum
1490 2254 1627 2331 ecclesie;
1642 2272 1672 2319 et

341 2396 342 2400 =
377 2359 413 2422 ad
433 2358 493 2421 boc
515 2359 630 2421 inducit
650 2358 725 2420 duos
747 2372 890 2442 pastores,
905 2377 1034 2440 quorum
1049 2354 1123 2418 alter
1151 2370 1273 2417 vocatur
1292 2354 1460 2439 Panphilus,
1476 2353 1560 2418 sllter
1575 2356 1671 2419 Mitio.

378 2478 429 2543 per
450 2457 624 2541 panphilnnt
646 2457 825 2541 intelligitur
847 2473 945 2539 petrus
974 2454 1147 2538 appostolus
1174 2470 1204 2516 et
1224 2455 1331 2517 dicitur
1352 2470 1433 2517 totus
1460 2457 1543 2539 quasi
1570 2476 1673 2517 amans

378 2560 516 2634 cristunt;
532 2578 584 2645 per
598 2558 754 2619 ntitionetn
769 2556 946 2638 intelligitur
960 2577 1034 2640 papa
1050 2555 1191 2630 clemens,
1207 2570 1236 2617 ct
1251 2570 1374 2617 vocatur
1385 2556 1482 2630 blitio,
1494 2556 1568 2618 idest
1583 2558 1673 2632 initis,

379 2659 485 2741 pignus
507 2656 640 2741 [pinguis
651 2656 687 2740 ?].
711 2658 806 2738 pritnn
828 2657 962 2739 sequitur
989 2654 1167 2738 pamphilus,
1190 2655 1264 2716 idest
1285 2671 1393 2738 petrus.
1422 2689 1433 2701 ·
1461 2655 1673 2717 advertendum
1709 2730 1711 2734 Ι

377 2756 458 2840 quod
479 2757 542 2838 ipse
563 2755 696 2843 loquitur
723 2757 753 2816 in
785 2757 990 2838 sentetipsunt,
1011 2775 1197 2838 conquerens
1218 2754 1254 2815 de
1283 2753 1362 2816 rnalu
1384 2769 1462 2817 statu
1486 2754 1619 2830 ecclesie,
1641 2769 1671 2816 et

379 2856 475 2938 primo
495 2854 615 2917 dicens:
640 2856 714 2929 Quis
735 2856 857 2916 nemus?
878 2857 942 2915 Hoc
965 2855 1096 2938 estquis
1118 2870 1163 2916 est
1184 2854 1239 2915 iste
1266 2855 1317 2937 qui
1339 2854 1489 2916 conantisit
1509 2874 1600 2916 ntrtne
1621 2874 1673 2915 re-

379 2974 472 3038 gnum
494 2953 686 3015 lacerandutn
707 2952 824 3015 lascivis
846 2952 1034 3029 animalibus,
1055 2974 1107 3015 seu
1129 2950 1325 3016 cardinalibus
1347 2968 1377 3014 et
1398 2952 1535 3035 prelatis?
1556 2968 1586 3015 et
1608 2971 1674 3014 ntee

380 3067 467 3128 terre,
481 3071 540 3135 que
554 3068 623 3114 sunt
644 3053 747 3113 stricte
767 3051 892 3114 ecclesie
913 3050 1005 3136 [unde
1027 3066 1201 3113 nteruerunt
1224 3067 1340 3113 tantuna
1362 3050 1472 3135 nephas
1493 3053 1575 3135 pati?
1596 3071 1670 3136 quas

379 3167 472 3214 terras
499 3149 711 3234 irrigaverunt]
734 3154 766 3203 (ἱ)
787 3152 932 3233 sanguine
960 3172 1015 3212 suo
1038 3152 1158 3232 lupiter,
1180 3150 1255 3212 idest
1276 3150 1348 3212 deus
1368 3168 1397 3213 et
1418 3150 1465 3233 alij
1489 3152 1622 3213 martires
1644 3165 1674 3212 et

380 3248 581 3334 principaliter
601 3249 706 3332 paulus
722 3266 751 3311 ct
765 3250 926 3333 stephanus
942 3266 971 3311 et
986 3249 1110 3311 ecclesia
1125 3250 1297 3333 primitiva?
1312 3285 1322 3297 ·
1335 3250 1443 3312 dicitur
1457 3250 1561 3332 paulus
1577 3251 1674 3333 pireus

380 3370 396 3409 a
418 3351 464 3431 pit
483 3348 564 3432 quod
586 3350 696 3433 ingnis,
717 3350 800 3432 quasi
824 3369 965 3411 aecensus
986 3350 1077 3431 ingnc
1092 3349 1154 3431 dej:
1172 3363 1200 3411 et
1221 3365 1340 3411 sanctus
1362 3350 1522 3433 stephanus
1537 3351 1675 3432 irrigave-

381 3464 449 3510 runt
470 3449 564 3531 gratia
586 3448 685 3509 divina
708 3465 737 3509 et
760 3447 862 3509 ritulis
883 3449 1036 3531 sanguinis
1059 3448 1307 3523 habundantibus,
1328 3450 1411 3531 quasi
1426 3449 1519 3511 dicat:
1535 3447 1675 3511 deberent

379 3550 420 3609 ita
442 3547 559 3629 tractari
583 3562 661 3609 terre
682 3547 806 3609 ecclesie
827 3568 886 3630 que
907 3563 977 3609 sunt
999 3550 1120 3630 irrigate
1141 3548 1286 3630 sanguine
1307 3551 1497 3610 sanctoruni?
1511 3584 1531 3595 -
1546 3550 1600 3619 cui,
1622 3568 1675 3610 seu

380 3668 453 3728 agro
474 3646 616 3728 predicto,
649 3646 752 3729 pulcer
773 3646 884 3720 lherus,
906 3668 958 3708 seu
988 3647 1150 3709 laurentius
1180 3646 1246 3730 (qui
1274 3645 1329 3708 fuit
1350 3647 1386 3708 de
1407 3645 1508 3723 iberia,
1529 3646 1609 3732 quod
1631 3663 1676 3710 est

379 3746 490 3807 llumen
512 3746 592 3828 quod
614 3766 666 3829 per
687 3746 831 3828 ispaniatn
853 3742 934 3829 fluit)
957 3745 1065 3822 iberus,
1087 3746 1165 3821 dico,
1186 3761 1394 3808 ornamentum
1423 3747 1514 3829 ipsius
1542 3746 1675 3809 ecclesie.

380 3861 409 3905 et
430 3844 487 3906 hoc
510 3859 645 3927 ternpore
666 3843 789 3906 ecclesia
812 3845 962 3925 pritnitite
991 3843 1040 3905 ille
1062 3843 1224 3906 laurentius
1253 3865 1312 3906 non
1341 3846 1441 3906 tintuit
1468 3845 1570 3907 ardere
1591 3846 1675 3929 ignes

380 3945 434 4026 ipsi
457 3944 522 4019 sibi,
544 3943 633 4006 lautis
662 3943 886 4026 crepitantibus.
914 3944 1000 4006 Unde
1021 3944 1119 4006 dictus
1147 3960 1192 4006 est
1223 3944 1259 4004 ad
1281 3943 1364 4005 lauro
1385 3964 1501 4026 semper
1526 3946 1623 4007 uirens
1645 3947 1675 4008 in

380 4043 447 4115 side,
470 4058 498 4104 ct
520 4045 582 4126 ipse
603 4045 692 4106 vertit
712 4041 792 4104 aliud
815 4042 892 4104 latus
914 4064 1002 4126 snper
1015 4046 1128 4126 ignetn,
1150 4060 1179 4106 et
1194 4044 1251 4107 hoc
1267 4043 1402 4106 carnibus
1417 4046 1477 4105 suis
1492 4044 1672 4107 ardentibus.

380 4144 409 4203 in
424 4144 494 4225 ipsis
509 4144 606 4226 ingnis
621 4144 705 4226 quasi
721 4142 822 4204 luisset
834 4158 1029 4226 consumptus
1046 4144 1107 4226 ipsc
1119 4142 1292 4220 laurentius,
1308 4145 1366 4205 nixi
1382 4145 1487 4206 cristus
1499 4146 1676 4227 porrexisset

380 4242 516 4304 ausiliutn
540 4242 722 4304 substinendi
746 4242 773 4305 id
797 4241 856 4304 tale
878 4244 1045 4318 martirium
1067 4259 1096 4304 et
1122 4244 1228 4304 cristus
1253 4264 1370 4305 sursum
1392 4259 1530 4306 evocaret
1542 4245 1578 4306 ad
1600 4244 1675 4307 altos

379 4341 469 4405 celos.

462 4442 648 4502 Pastorum...
671 4441 743 4502 dura
766 4441 899 4503 conditio
928 4443 1054 4503 istorum
1083 4440 1280 4524 prelatortnn;
1302 4443 1384 4527 quasi
1405 4441 1485 4503 dicat
1512 4462 1615 4503 ontnes
1636 4443 1677 4504 di·

381 4556 451 4603 cunt
474 4541 554 4624 quod
587 4562 641 4602 nos
669 4541 848 4603 decoramus
877 4543 977 4603 onmia
1006 4540 1082 4602 bona
1111 4541 1245 4617 ecclesie,
1266 4542 1316 4603 scd
1338 4558 1417 4604 cette
1443 4541 1500 4603 hoc
1522 4540 1610 4626 [non]
1632 4556 1676 4604 cst

434 4716 465 4765 (a)
481 4709 534 4755 usai
548 4710 597 4754 dett·
605 4710 701 4754 edizione
715 4714 764 4755 dell'
775 4712 899 4755 ltonrtatso
913 4726 951 4767 per
965 4714 1058 4755 colmere
1072 4713 1091 4754 le
1105 4714 1182 4755 henne
1195 4712 1230 4755 del
1244 4720 1297 4755 testo
1310 4710 1380 4754 datec't
1393 4712 1430 4755 dat
1442 4712 1524 4757 eadee.
