4125 5217
207 1005 228 1033 v·
243 987 296 1042 iso·
306 1001 345 1042 vra

207 1203 229 1231 v.
245 1201 345 1239 inqu

208 2411 230 2440 r.
245 2409 347 2447 ans-aaa

208 2609 230 2637 V·
245 2607 285 2648 ²³³
292 2617 299 2627 ·
307 2608 348 2647 ²²³

208 3221 229 3250 rr.
245 3219 348 3260 aya-31²

207 3492 229 3519 v.
244 3490 283 3529 ³¹3
291 3499 299 3511 ·
308 3480 348 3531 32⁶

207 3680 229 3708 s.
243 3666 283 3717 32⁶
291 3689 298 3697 ·
307 3668 346 3719 348

424 382 489 469 ²34
932 396 1084 447 nmouto
1107 398 1213 447 nurus

507 663 635 727 Colores:
657 682 772 726 castus
786 661 849 724 sire
861 681 985 730 cnutus.
1007 660 1058 743 qui
1081 658 1135 724 luit
1157 662 1196 724 ita
1211 659 1372 724 dissolutus
1386 661 1466 745 quod
1480 660 1716 747 conquerebatur

423 765 461 827 de
482 764 597 827 luxuria
620 761 744 848 perdita,
765 777 794 824 et
808 760 866 824 boc
882 759 912 823 in
925 775 1090 823 senectute
1105 795 1125 807 -
1140 761 1260 823 Notior:
1276 780 1456 834 tovuuatsu.
1469 762 1519 844 qui
1540 761 1577 824 de
1597 764 1716 845 Aquino

424 863 480 927 luit
501 879 533 926 et
554 864 707 948 satyricus
719 885 728 940 ;
749 861 815 924 ideo
837 861 973 928 turbidus
994 863 1063 945 quia
1087 859 1236 945 redarguit
1256 861 1327 923 vitia
1348 859 1364 943 (
1384 860 1409 945 ).

506 962 594 1026 illrun
614 981 749 1025 rtttsrrrrt:
771 981 879 1025 aturrus
902 958 1097 1044 redarguebat
1118 958 1192 1022 alios
1214 976 1315 1044 poetas
1336 961 1365 1023 in
1387 980 1442 1024 suo
1463 980 1561 1044 opere.

506 1063 618 1147 Linqmr
640 1063 756 1123 viriam:
779 1082 917 1125 tunsurus
940 1076 1077 1123 strenuus
1100 1058 1184 1121 miles
1206 1061 1320 1124 Ccsaris
1341 1059 1395 1123 luit
1417 1076 1446 1122 et
1467 1076 1553 1144 poeta
1575 1060 1590 1144 (
1611 1060 1636 1143 ).

511 1164 581 1226 Tum
598 1162 756 1247 frortdoso:
778 1160 918 1224 describit
939 1159 1042 1243 fagum
1057 1162 1238 1222 eminentem
1256 1161 1286 1222 in
1299 1160 1448 1244 Capitolio
1462 1163 1653 1238 existentem3
1667 1182 1719 1245 per

409 1279 514 1346 'quem
537 1260 673 1345 intelligo
694 1262 1034 1325 normaniam-Romani
1058 1262 1220 1343 imperii-et
1241 1258 1298 1323 loci
1320 1262 1536 1345 nragiestatem,
1558 1260 1607 1324 ubi
1628 1263 1719 1345 impo
1762 1305 1764 1309 -

427 1378 537 1424 ratores
559 1376 589 1424 et
610 1378 699 1445 poete
711 1361 931 1423 coronabantur
945 1375 975 1422 et
990 1361 1054 1422 iura
1069 1358 1207 1444 gentibus
1221 1358 1375 1423 dabantur.
1396 1395 1416 1409 -
1437 1360 1490 1424 Ille
1504 1359 1568 1423 nbi:
1589 1360 1719 1424 ostendit

424 1480 623 1524 oraravnsusr
639 1480 773 1523 cusnuun
788 1475 916 1523 mortem
932 1459 1050 1543 Virgilii
1067 1458 1221 1521 deflevisse
1235 1474 1353 1543 etopus
1367 1458 1583 1543 imperfectum,
1596 1475 1626 1523 et
1640 1481 1719 1522 nran-

424 1562 953 1643 dasseancsutsnnnuntpnetis
970 1576 1006 1623 nt
1025 1558 1137 1623 librum
1155 1580 1247 1622 sunna
1275 1563 1460 1644 corrigerent
1477 1560 1580 1623 uilde
1591 1581 1651 1623 suo
1664 1561 1728 1624 ‚ab

424 1660 533 1736 dendo,
553 1658 605 1721 sei
626 1658 816 1721 solummodo
837 1657 1020 1721 detrahendo
1041 1660 1071 1719 in
1092 1660 1276 1721 correctione
1296 1661 1394 1742 operis
1415 1660 1530 1744 virginj
1553 1659 1613 1744 (3).

507 1760 584 1821 Hine
603 1779 673 1843 ego:
695 1757 742 1822 Ab
764 1760 905 1841 Hispania
933 1760 963 1820 in
985 1759 1142 1842 Equitania
1169 1760 1273 1821 transit
1296 1780 1355 1844 que
1376 1759 1525 1822 Gallicum
1547 1759 1644 1823 Insula
1665 1775 1718 1837 est,

408 1858 476 1922 ‚ubi
497 1859 650 1921 adiuvenit
670 1878 814 1922 asponon
836 1878 937 1920 senem
960 1874 1080 1942 poetam
1101 1857 1196 1922 calide
1217 1858 1397 1944 loquentem.
1418 1895 1438 1908 ·
1459 1859 1578 1923 lorisse:
1606 1861 1719 1923 civitati

427 1956 546 2021 narso
567 1956 584 2042 (
604 1957 630 2041 ).

498 2388 539 2452 (t)
558 2387 710 2454 Arpinatis:
730 2400 855 2441 rubrus
874 2396 951 2457 poeta
969 2388 1036 2440 sdeo
1054 2404 1153 2456 pauper
1178 2387 1225 2440 luit
1247 2389 1317 2457 quod
1341 2388 1384 2442 via
1406 2389 1552 2441 lucrabatur
1575 2405 1677 2457 panem
1694 2399 1721 2442 et

425 2476 469 2529 die
487 2478 621 2530 laborabat
640 2478 667 2528 iu
687 2477 796 2546 pistrino
814 2488 841 2530 et
858 2488 934 2530 noete
953 2478 1090 2530 senbebst.
1478 2525 1480 2531 .

497 2566 574 2638 [LE]
592 2569 635 2619 tic
653 2569 699 2619 crrt'
717 2569 819 2636 religio:
838 2567 886 2619 iste
906 2568 953 2620 luit
972 2581 1074 2631 vuasto,
1094 2569 1283 2621 illustrissimus
1296 2570 1465 2638 philosophus
1483 2579 1509 2622 et
1526 2581 1611 2639 poeta,
1629 2581 1655 2623 et
1673 2571 1720 2623 init

427 2667 543 2724 tempore
562 2658 665 2710 Cesaris
685 2658 752 2723 inlij.
772 2667 796 2710 et
816 2659 864 2711 iste
884 2659 987 2710 Marcus
1000 2659 1071 2710 Varo
1085 2660 1131 2711 init
1145 2660 1349 2712 mirabilissimus
1363 2661 1449 2719 homo,
1462 2671 1489 2711 ut
1501 2671 1609 2713 testatur
1620 2661 1720 2713 Tullius

425 2748 541 2801 iniibm
558 2749 590 2800 de
606 2748 780 2805 Academicis·
797 2759 823 2801 et
841 2750 891 2799 iste
909 2749 969 2800 iecit
988 2762 1034 2800 xus
1053 2749 1133 2801 libros
1152 2752 1185 2802 de
1203 2750 1297 2801 divinis
1309 2763 1334 2802 et
1348 2751 1475 2809 humanis.
1488 2764 1535 2803 xta
1547 2754 1580 2803 de
1592 2752 1720 2814 humanis,

426 2838 540 2907 reliquos
558 2840 593 2891 ele
610 2838 723 2902 ‹livinis3
733 2848 760 2892 et
772 2856 821 2907 pro
839 2840 946 2892 materia
965 2857 1013 2892 sua
1030 2841 1171 2909 assumpsit
1189 2841 1301 2894 scribere
1311 2858 1443 2894 aceessum
1456 2842 1555 2894 Iasonis
1567 2859 1615 2911 pso
1627 2844 1720 2895 vellere

425 2946 516 2983 sumn.

498 3024 538 3087 (a)
558 3022 667 3098 Linquo—
680 3022 781 3073 oirums
800 3020 840 3073 De
859 3034 986 3083 munnio,
1004 3021 1060 3074 sire
1078 3022 1197 3085 labeone,
1218 3022 1264 3092 qni
1287 3023 1335 3076 init
1358 3023 1433 3076 miles
1451 3032 1571 3077 strennus
1589 3041 1720 3078 umorum

499 3204 539 3268 (3)
557 3200 633 3272 [LE]
655 3204 771 3253 Tertius:
790 3203 803 3254 1
822 3203 890 3255 versi
908 3203 936 3255 di
955 3217 1081 3255 anniano
1100 3221 1166 3256 sono
1183 3207 1237 3257 eosl
1256 3204 1529 3273 ripertati21lnimula
1540 3206 1633 3274 vagula
1650 3206 1720 3257 blan·

424 3292 496 3352 dala,
514 3293 609 3359 hospes
628 3309 766 3360 comesque
784 3294 909 3361 corporis,
921 3311 974 3363 quo
987 3312 1056 3347 nunc
1068 3294 1152 3346 abibis
1171 3296 1237 3357 loco,
1256 3296 1380 3347 Pullidnla
1398 3296 1481 3364 rigida
1500 3297 1615 3348 nonunt
1626 3314 1673 3349 nec
1691 3308 1719 3350 ut

425 3380 495 3433 soles
513 3381 589 3432 dabis
607 3380 690 3433 iocos.

495 3469 542 3541 [V]
561 3472 648 3522 IIuira
668 3485 853 3536 rsonux'rwS,
871 3474 917 3542 qni
935 3474 1039 3543 scripsit
1057 3475 1146 3527 laudes
1165 3476 1198 3527 de
1217 3475 1298 3528 mutis
1311 3476 1458 3528 msrtiribns
1476 3487 1502 3529 et
1522 3476 1718 3530 sichomaebiam

425 3570 452 3613 el
471 3562 621 3614 architecta.

496 3648 535 3720 (4)
552 3650 626 3722 [ΩΒ]
643 3654 752 3705 bilbilis:
771 3654 861 3706 habuit
879 3655 959 3707 al'nm
978 3665 1091 3723 poetam,
1109 3674 1155 3709 sen
1174 3670 1315 3710 vaurmosr
1335 3672 1505 3711 uaeramus.

495 3739 542 3812 [V]
560 3744 590 3792 irs
609 3744 725 3794 aroniim
742 3745 820 3795 alter:
840 3745 1021 3797 Cnsunrnxvs
1039 3746 1106 3798 alius
1125 3757 1201 3814 poeta
1225 3747 1270 3815 qni
1296 3748 1397 3816 scripsit
1421 3750 1594 3817 eomplantnm
1619 3759 1717 3803 nature.

425 3859 436 3872 ·
455 3833 545 3883 Hinc:
564 3845 701 3885 ausonios
727 3850 836 3901 magnus
862 3844 939 3902 poeta
963 3836 997 3887 de
1015 3835 1092 3888 Galia
1117 3840 1214 3889 sende
1233 3838 1362 3907 equitania
1381 3849 1407 3891 et
1426 3849 1529 3891 vocatus
1550 3849 1590 3891 est
1609 3857 1717 3909 magnus

424 3923 548 3975 snsonius
567 3932 593 3974 et
611 3911 659 3974 luit
678 3924 753 3990 valde
772 3942 850 3977 senex
868 3943 899 3977 ae
916 3927 1037 3994 eopiosns
1056 3929 1203 3980 verborum,
1221 3958 1231 3970 ·
1250 3930 1389 3982 Urdnnsiar:
1408 3929 1503 3982 Statius
1519 3941 1594 3998 poeta
1612 3931 1645 3984 de
1664 3932 1718 3984 tho

312 4007 314 4011 ’
422 4011 479 4064 losa
496 4013 542 4080 qni
561 4013 665 4080 scripsit
683 4015 793 4082 prelium
813 4017 954 4068 thebanum
973 4019 1084 4070 duorum
1104 4018 1210 4070 fratrum
1229 4028 1255 4071 et
1273 4030 1346 4087 gesta
1365 4020 1483 4072 Achillis.

495 4101 571 4172 [LE]
588 4105 663 4155 Iliae
681 4106 762 4156 michi
778 4109 913 4159 vertom’ss
932 4108 974 4160 bie
992 4109 1040 4167 luit
1059 4123 1168 4161 inustus
1187 4110 1232 4177 qni
1250 4110 1297 4161 init
1315 4111 1348 4162 de
1366 4109 1494 4162 civitatem
1507 4111 1674 4164 mlterrarnm
1691 4123 1717 4164 et

422 4202 477 4245 erat
496 4193 598 4244 invenis
617 4196 723 4262 sexttrj⁰r
741 4213 867 4249 annornm
887 4199 976 4250 salens
994 4208 1030 4261 et,
1050 4210 1170 4266 tanquam
1190 4200 1286 4252 iaciunt
1300 4201 1417 4267 juvenes,
1430 4202 1510 4252 voluit
1528 4202 1638 4270 experiri
1656 4220 1716 4255 snas

423 4283 491 4335 vires
510 4284 611 4335 fortiter
629 4295 655 4336 et
674 4287 765 4353 rigide.
786 4317 795 4326 ·
815 4289 955 4355 Patrisque
974 4291 1003 4339 in
1022 4291 1138 4340 nitoribus
1155 4293 1233 4341 atter:
1246 4291 1298 4342 iste
1312 4291 1357 4342 snit
1370 4305 1544 4345 ctnuntsxus
1556 4293 1600 4361 qni
1613 4294 1716 4361 scripsit
1763 4278 1767 4283 ⁵

422 4374 455 4427 de
474 4374 579 4427 Rnffino
597 4376 703 4428 bomine
722 4378 814 4429 vitioso
833 4388 858 4431 et
877 4380 910 4430 de
928 4380 1049 4431 laudibus
1073 4380 1203 4433 Stilienuis
1225 4382 1342 4451 (ruffinus
1365 4383 1413 4435 init
1437 4382 1567 4451 romanus)
1588 4393 1615 4437 et
1637 4385 1713 4438 etiam

420 4464 471 4516 late
489 4476 565 4532 poeta
583 4466 729 4534 composuit
746 4468 841 4520 librum
860 4470 892 4520 de
912 4479 987 4537 raptu
1011 4469 1171 4538 proserpine.
1191 4481 1216 4523 et
1235 4472 1282 4523 luit
1301 4471 1349 4523 iste
1373 4472 1528 4526 Claudianus
1553 4474 1713 4539 florentinus,

421 4554 482 4607 ideo
499 4556 578 4609 dicits
592 4560 679 4624 patrie
696 4560 818 4610 tremidus.
