4125 5217
189 699 210 729 r.
226 699 299 740 ιω]

848 395 880 445 ll.
903 395 1091 446 sucoutcuu
1116 395 1246 445 caum
1625 396 1686 467 255

482 663 633 728 Presrirtr:
660 659 863 745 Apostrophat
889 677 977 724 autor
1003 662 1040 725 ad
1068 658 1172 723 solem.
1202 664 1280 725 Natu
1308 661 1423 746 phebus
1443 661 1545 726 dilexit
1566 685 1689 747 puerum

402 764 595 847 Cyparissum
617 765 646 824 in
668 761 803 824 arborem
826 763 871 824 sui
893 763 1022 823 nominis
1043 781 1241 824 conversum:
1264 783 1353 846 quem
1377 763 1478 827 videns
1500 764 1612 847 phebus
1634 786 1690 827 es-

402 864 540 937 tinetunt,
560 861 655 925 doluit
677 876 707 924 et
727 861 817 925 dixit:
840 877 872 925 tu
895 864 952 924 eris
970 860 1059 924 arbor
1076 881 1192 945 semper
1207 860 1404 925 lacrimabilis.
1419 898 1430 911 ·
1444 878 1473 927 et
1487 866 1556 949 quia
1570 886 1689 927 omnem

403 962 586 1046 putredinem
610 976 727 1045 purgat,
748 962 785 1023 ad
806 960 1042 1023 comburendum
1065 975 1252 1023 mortuorunt
1274 980 1399 1045 corpora
1420 962 1588 1047 deputatus.
1605 965 1690 1027 Unde

402 1077 490 1125 autor
509 1060 580 1125 dicit
601 1062 680 1145 quod
702 1061 800 1123 obitus
821 1062 906 1123 istius
928 1060 1051 1134 arboris,
1072 1081 1125 1123 seu
1148 1061 1265 1124 Andree
1282 1063 1381 1144 Regis,
1396 1063 1451 1124 crit
1467 1064 1549 1125 ruina
1563 1062 1689 1126 aliorum

403 1160 534 1237 ducum;
556 1181 625 1223 nam
646 1160 732 1223 utulti
754 1161 864 1222 mortui
886 1174 966 1235 sunt,
988 1158 1074 1222 multi
1090 1160 1178 1243 capti,
1194 1159 1280 1222 multi
1296 1160 1399 1245 iugari,
1420 1161 1505 1224 multi
1524 1162 1689 1225 inexilium

403 1262 461 1323 aeti
481 1278 562 1323 sunt.

484 1362 634 1426 Parcius:
654 1358 711 1423 hoc
734 1361 823 1422 etiam
845 1374 942 1444 potest
963 1359 1000 1421 ad
1021 1359 1144 1423 historie
1165 1361 1321 1424 veritatem
1350 1361 1447 1441 reduci
1469 1361 1505 1425 ad
1528 1360 1690 1426 Robertum

404 1461 528 1544 Regem,
548 1480 638 1543 quem
659 1459 753 1522 solem
778 1459 982 1543 intelligimus,
1010 1461 1061 1544 qui
1092 1460 1237 1526 Robertus
1265 1463 1414 1524 maximus
1442 1461 1497 1525 fuit
1524 1461 1690 1546 astrologus

404 1576 433 1623 et
454 1562 603 1622 omnium·
618 1559 782 1624 liberalium
809 1563 917 1623 artium
946 1562 1161 1644 peritissimus;
1190 1576 1219 1624 et
1247 1582 1301 1624 sua
1329 1563 1451 1625 scientia
1473 1562 1597 1647 predixit
1624 1567 1691 1627 An-

403 1664 628 1744 dreamregent
647 1661 756 1724 acerbo
776 1661 879 1724 funere
900 1664 994 1745 perire
1014 1660 1132 1737 debere,
1154 1682 1208 1725 nec
1237 1647 1330 1725 ualuit
1358 1661 1497 1726 adhibere
1518 1678 1630 1726 tantam
1651 1664 1691 1726 di·

404 1761 556 1844 ligentiant
579 1776 612 1823 ut
633 1780 735 1823 casum
756 1777 856 1844 posset
877 1761 1048 1845 pestiferum
1079 1763 1181 1824 vitare.
1203 1796 1222 1810 -
1251 1764 1401 1825 Pastorum
1422 1761 1516 1836 turba,
1538 1764 1611 1826 idest
1632 1784 1692 1825 no-

406 1860 477 1924 biles
498 1876 528 1924 et
549 1876 684 1945 potentes
706 1864 851 1945 principes
873 1883 908 1925 ac
930 1865 1027 1924 Duces
1050 1860 1105 1924 sub
1127 1860 1257 1927 Roberto
1288 1864 1369 1946 Rege
1396 1877 1426 1925 et
1451 1865 1616 1927 successise
1636 1862 1691 1925 sub

404 1961 509 2023 umbra
531 1961 648 2025 Andree
670 1964 758 2046 Regis
780 1976 932 2033 steterant,
955 1977 1038 2025 metu
1060 1961 1147 2047 pulsi,
1168 1961 1208 2023 ob
1229 1982 1332 2025 casum
1355 1963 1473 2026 Andree
1493 1962 1691 2047 aufugerunt;

404 2058 493 2145 aliqui
514 2061 551 2123 ad
573 2076 637 2124 tuta
657 2077 753 2125 eastra
775 2077 807 2124 et
827 2061 969 2138 lortilitia,
991 2060 1081 2146 aliqui
1105 2081 1171 2124 rura
1197 2064 1366 2145 petierunt;
1393 2062 1484 2147 aliqui
1511 2078 1623 2125 secreta
1644 2063 1692 2125 la-

405 2158 497 2223 tibula
518 2159 534 2245 (
554 2162 580 2244 ).

485 2259 596 2324 Silvius
616 2267 642 2324 el
658 2261 795 2346 phylior:
816 2266 873 2325 lsta
895 2278 940 2326 est
961 2262 1090 2325 secunda
1112 2283 1179 2346 pars
1201 2264 1230 2325 in
1251 2283 1310 2347 qua
1336 2261 1421 2325 ldeus
1442 2277 1543 2347 pastor
1562 2262 1691 2325 introdu-

403 2361 444 2425 cit
464 2361 538 2423 duos
559 2361 633 2424 alios
655 2378 787 2446 pastores
809 2383 934 2448 magnos
963 2364 999 2425 ad
1028 2362 1243 2446 deplorandum
1267 2366 1380 2446 Regem
1402 2363 1583 2439 Robertum;
1604 2365 1690 2426 Unus

404 2460 530 2523 istorum
551 2476 596 2524 est
617 2464 679 2545 ipse
700 2462 819 2539 Silvius,
840 2483 892 2525 seu
914 2461 1079 2546 petrarcha,
1101 2477 1131 2524 et
1158 2462 1233 2525 alius
1259 2478 1305 2524 est
1326 2463 1454 2547 pluuias,
1476 2483 1528 2525 seu
1555 2461 1692 2525 barbatus

403 2560 600 2624 sulmonensis
621 2564 672 2648 qui
694 2562 748 2626 fuit
769 2565 900 2647 optimus
930 2577 1027 2647 poeta,
1056 2583 1116 2626 non
1144 2578 1243 2625 tamen
1272 2577 1453 2640 coronatus3
1480 2564 1531 2647 qui
1559 2564 1634 2625 inter
1660 2583 1692 2625 se

404 2659 505 2725 fideles
532 2665 620 2725 amici
648 2678 681 2725 ut
709 2666 827 2726 Damon
849 2678 879 2726 et
901 2664 1017 2748 phytias
1040 2662 1165 2725 fuerant.
1187 2665 1269 2725 Dicit
1289 2683 1362 2748 ergo
1383 2664 1466 2726 ideus
1488 2677 1587 2748 pastor
1612 2663 1691 2747 quod

407 2762 454 2824 isti
475 2763 535 2824 duo
558 2778 688 2847 pastores
710 2763 910 2847 confugerunt
931 2764 966 2826 ad
989 2778 1123 2826 montem
1146 2764 1293 2845 Apennini
1315 2763 1452 2845 eoquod
1474 2781 1510 2825 es
1532 2784 1589 2824 una
1610 2778 1692 2845 parte

404 2864 487 2925 venit
508 2883 584 2926 unus
606 2878 636 2925 et
656 2862 760 2925 altera·
768 2863 872 2926 alter...
895 2861 969 2926 alter
990 2862 1176 2938 Sulmonem,
1207 2862 1282 2925 alter
1303 2864 1376 2946 petit
1406 2863 1567 2946 liguriam.
1588 2897 1608 2910 -
1630 2870 1692 2923 tenr-

400 2969 493 3049 perles
502 2983 516 3031 .·
536 2962 736 3027 lacrimarum.
757 2999 777 3012 ·
798 2965 932 3049 Iupiter:
951 2966 1051 3040 criste,
1073 2962 1114 3026 fili
1135 2963 1182 3025 dei
1205 2964 1275 3025 vivi.
1297 2997 1316 3010 -
1336 2964 1455 3049 gregis:
1475 2961 1693 3047 populorum.-

403 3411 448 3446 rex
467 3394 572 3447 Andros
590 3395 638 3447 luit
657 3396 764 3448 meritus
785 3395 872 3463 regine
892 3395 1008 3448 Iohanne
1026 3394 1109 3464 prime
1129 3393 1180 3446 filie
1199 3403 1225 3445 et
1243 3393 1346 3446 heredis
1366 3392 1458 3461 prelati
1477 3390 1556 3460 Regis
1575 3391 1692 3451 Roberti,

403 3501 454 3553 que
472 3486 584 3554 pessima
608 3482 685 3538 caus'a
710 3488 758 3539 t'uit
782 3488 871 3540 mortis
898 3488 977 3555 Regis
997 3488 1102 3538 Andree
1121 3486 1162 3538 sui
1181 3484 1238 3537 riri.
1257 3484 1374 3536 iohanne
1398 3483 1482 3551 prims
1501 3482 1588 3550 regim
1608 3481 1690 3548 Regni

403 3574 516 3628 Seiseilie
534 3576 635 3629 licteccs
655 3577 728 3629 mixit
746 3579 779 3630 ad
798 3578 942 3630 lodovicum
961 3578 1060 3646 Regem
1080 3576 1195 3645 Ungatie
1213 3574 1376 3628 condolendo
1402 3590 1429 3625 se
1454 3574 1487 3625 de
1513 3582 1593 3624 morte
1611 3571 1691 3638 Regis

402 3667 508 3719 Andree
527 3655 552 3719 et
571 3668 694 3720 Germani
712 3669 774 3720 dicti
793 3669 872 3736 Regis
892 3669 1002 3721 lodovici
1021 3678 1046 3721 et
1065 3668 1212 3720 excusando
1237 3683 1265 3718 se
1288 3667 1321 3718 de
1348 3675 1430 3717 morte
1456 3663 1504 3715 siri
1522 3663 1571 3715 sni.
1589 3662 1637 3714 Cut
1656 3663 1692 3712 lo·

403 3760 509 3812 deviem
528 3761 583 3812 Rex
602 3760 705 3829 scripsit
723 3762 826 3812 brevem
845 3760 981 3827 epistolem
999 3758 1027 3810 in
1046 3759 1094 3810 bne
1112 3758 1211 3810 forms:
1233 3756 1383 3817 «Iohanne,
1406 3756 1531 3815 lohanns,
1556 3754 1692 3805 inhonesta

403 3857 447 3900 tna
466 3849 517 3901 ritu
535 3859 561 3901 et
580 3850 740 3903 conversatio
753 3859 797 3901 tun
809 3867 867 3902 cum
880 3850 1001 3901 maleficis
1014 3848 1074 3900 lucit
1086 3857 1112 3900 te
1123 3848 1253 3900 consciam
1266 3846 1337 3899 neeis
1356 3846 1442 3898 fratris
1455 3846 1504 3913 mej
1515 3864 1541 3896 ».
1553 3872 1563 3884 ·
1574 3846 1672 3894 literram
1680 3856 1692 3891 .·

403 3950 521 3993 mortem.
538 3970 549 3981 ·
565 3959 619 3992 sors
635 3943 703 3993 duro
714 3942 833 4008 savorem
843 3957 854 3991 .·
872 3957 995 3999 umorem,
1014 3956 1092 4007 quem
1110 3940 1221 3991 habebnt
1240 3955 1285 3990 rex
1304 3940 1433 3990 Robertus
1455 3936 1568 3987 Andree.
1587 3934 1635 3984 hoc
1652 3942 1692 3984 est

400 4031 504 4084 dileetio
522 4031 722 4099 Regnicolarum
740 4048 801 4100 erga
827 4032 926 4099 Regem
952 4032 1061 4082 dumbat
1081 4030 1192 4082 maxime
1218 4039 1278 4097 post
1297 4038 1407 4081 mortem
1425 4027 1498 4094 ejus;
1518 4025 1564 4078 sed
1582 4022 1692 4075 finaliter

401 4121 446 4173 illa
464 4122 637 4174 benivolentia
655 4139 703 4190 per
721 4132 830 4173 mortem
850 4121 929 4189 Regis
949 4122 1055 4172 ,dndree
1073 4119 1146 4172 linitas
1164 4129 1213 4172 est.

473 4214 513 4279 (t)
531 4210 585 4283 [Cr]
604 4213 794 4264 inerintobr‘lis:
812 4212 890 4272 Nem,
909 4212 1043 4264 interfecto
1062 4227 1122 4279 rege
1141 4211 1256 4271 Andros,
1268 4210 1347 4262 frater
1365 4208 1420 4261 eius
1438 4205 1570 4259 lodovicus
1583 4221 1627 4255 rex
1639 4203 1693 4255 Un-

403 4302 484 4371 gsrle,
501 4312 590 4355 eontra
610 4320 717 4371 regnum
736 4304 807 4355 venit
826 4320 883 4355 cum
907 4318 1002 4369 magno
1025 4301 1137 4354 exercitu
1161 4302 1195 4352 ad
1220 4300 1403 4351 vindicandum
1421 4308 1530 4350 mortem
1548 4293 1632 4345 fratris
1652 4291 1692 4343 sui

402 4402 428 4445 et
446 4393 483 4445 sic
501 4410 591 4445 ornnes
611 4393 741 4461 principes
759 4402 785 4445 et
803 4394 913 4445 barones
939 4392 1079 4460 fugiebant
1098 4420 1107 4431 ·
1129 4398 1261 4457 pastoriam
1271 4407 1282 4441 .·
1300 4391 1403 4441 ducum.
1422 4417 1431 4427 -
1449 4387 1559 4437 arthro:
1578 4401 1621 4435 res
1641 4384 1691 4433 An·

402 4483 487 4535 dress.
505 4492 612 4549 ·prrrs.·
631 4483 733 4534 milites.
752 4512 762 4522 ·
781 4491 894 4534 orontes:
913 4499 984 4534 arces
1010 4498 1079 4533 suas.
1098 4493 1205 4549 -porrs
1224 4479 1364 4549 popularis.
1382 4508 1392 4519 ·
1409 4478 1528 4545 speciebus
1536 4492 1548 4527 .·
1567 4482 1692 4526 monaste·

359 4633 363 4640 .
404 4574 451 4626 rio.
469 4573 600 4637 submietit
620 4574 736 4633 zenobio,
754 4574 815 4642 quia
841 4574 987 4642 Religiosus
1013 4572 1107 4624 dieitur
1131 4572 1206 4640 quasi
1227 4581 1350 4623 mortuus.
1377 4598 1386 4609 ·
1413 4586 1471 4620 narn
1498 4566 1587 4635 regins
1610 4562 1691 4615 maior

378 4670 385 4682 ⁴
404 4679 468 4716 uxor
486 4664 553 4732 regis
573 4664 678 4725 roberti.
697 4665 788 4716 videns
808 4664 950 4717 Iohannem
970 4680 1042 4714 suam
1063 4662 1141 4713 filiam
1160 4661 1324 4713 consensisse
1350 4659 1426 4710 morti
1445 4659 1524 4726 Regis
1545 4656 1647 4707 :lndree
1666 4664 1691 4704 et

406 4759 495 4811 tridens
514 4758 593 4809 multa
612 4757 679 4808 bella
698 4756 839 4824 preparari,
857 4755 971 4806 introivit
991 4753 1175 4823 monasterium
1195 4766 1220 4804 ct
1239 4752 1275 4802 ibi
1294 4748 1454 4818 consumpsit
1473 4748 1550 4799 sitam
1569 4762 1650 4797 suam.
