4125 5217
369 388 434 455 250
872 380 1023 431 anronto
1048 381 1153 428 avana

371 512 1657 537 „mm-...ffl-

372 652 499 717 rioribus
520 647 730 733 componebat.
751 681 771 694 -
787 645 877 730 sosas:
893 643 1035 727 eloquens
1050 641 1165 728 aliquis.
1180 676 1201 689 -
1214 640 1326 725 rtinrplae
1337 666 1348 703 .-
1361 640 1515 705 scientifici
1535 657 1564 705 et
1578 642 1658 706 docti
1683 655 1686 661 '

372 758 402 818 io
425 753 550 838 poetica.
571 784 591 797 ·
613 756 728 811 vrnstcr:
757 744 910 829 Virgilius.
939 779 958 791 -
987 742 1120 805 ‹tal-oeno:
1149 745 1306 804 Homerus.
1327 776 1347 789 -
1368 748 1491 804 ntontes:
1520 744 1660 805 exercitio

371 855 505 917 dicturus
526 851 563 913 de
585 848 671 911 rebus
694 847 821 930 taragnis.
841 880 853 893 ·
873 843 971 907 ether:
993 859 1081 928 poeta
1095 842 1202 906 clarus.
1216 876 1227 889 ·
1240 862 1395 903 mttrtnnr:
1416 840 1614 926 ydiotarum(
1634 843 1660 926 ).

455 971 557 1016 casos:
578 947 710 1013 cellulas.
733 982 753 993 -
774 952 883 1007 atttrn:
903 943 1010 1008 cellam
1033 958 1062 1007 et
1084 942 1305 1006 monasterium.
1327 977 1347 990 -
1369 942 1505 1005 Monicus
1526 941 1573 1005 hic
1596 963 1662 1004 res·

376 1053 496 1140 pendet,
519 1067 549 1113 et
570 1049 696 1113 Silvium
719 1068 897 1131 germanum
918 1066 1005 1108 suum
1027 1045 1134 1107 invitat
1155 1060 1185 1107 ct
1205 1043 1378 1106 exhortatur
1398 1042 1435 1104 ad
1456 1057 1660 1127 contemptum

376 1154 507 1218 humane
528 1170 558 1214 et
580 1148 729 1212 mundane
751 1148 820 1222 vite,
842 1162 872 1208 ct
894 1159 927 1207 ut
948 1143 1020 1207 velit
1041 1142 1303 1227 contemplativam
1329 1159 1359 1205 et
1381 1142 1549 1227 religiosam
1571 1158 1663 1205 etse·

373 1273 478 1317 curam
498 1253 618 1314 intrare.
640 1269 699 1310 -u
721 1247 833 1318 tt'mine,·
850 1247 926 1309 idest
947 1266 1008 1307 non
1021 1244 1128 1307 solunt
1148 1242 1348 1331 quotlnullus
1363 1258 1485 1308 coactus
1507 1244 1661 1327 recipitur;

376 1352 428 1417 sed
449 1350 547 1427 multi,
568 1350 619 1435 qui
648 1368 712 1411 esse
742 1348 879 1410 videntur
902 1346 939 1409 ad
967 1344 1186 1408 observantiam
1214 1342 1364 1428 religionis
1389 1345 1499 1407 intrare
1520 1342 1662 1420 volentes,

379 1450 571 1535 repelluntur.
592 1485 613 1497 -
640 1446 791 1510 alraln'lnn:
814 1446 937 1531 poeticis
966 1444 1111 1508 cantibus.
1132 1479 1152 1492 ·
1173 1450 1301 1507 statano:
1321 1444 1390 1528 qnia
1419 1464 1489 1507 usus
1516 1443 1549 1507 lit
1574 1445 1664 1507 altera

378 1547 797 1635 natura:oefeeperrlasnc,¹
812 1548 883 1632 quia
903 1546 1034 1631 sequeris
1056 1543 1239 1629 temporalia.
1253 1579 1264 1592 ·
1281 1542 1332 1607 snt
1353 1551 1439 1621 tracte,
1453 1546 1484 1607 in
1499 1544 1664 1608 matutinali

378 1651 461 1714 hora.
482 1685 503 1698 ·
519 1656 685 1735 pastorem:
708 1647 803 1710 David
826 1647 1001 1731 prophetam
1030 1647 1060 1707 in
1089 1644 1208 1729 psalmis
1236 1646 1305 1707 suis.
1327 1680 1347 1693 ·
1372 1643 1508 1731 negabis:
1529 1646 1580 1708 sed
1600 1644 1665 1708 ele·

380 1750 588 1833 gantissimum
610 1748 701 1824 dices,
724 1763 756 1810 ut
779 1762 844 1825 est;
866 1761 895 1809 ct
923 1746 1003 1810 dices
1024 1766 1143 1809 carmen
1171 1745 1251 1830 quod
1277 1761 1306 1808 te
1328 1766 1406 1808 nunc
1434 1746 1546 1809 detinet
1566 1746 1666 1831 poeti-

379 1872 460 1927 cum,
483 1864 615 1934 respectu
637 1848 735 1911 davidi
757 1848 906 1924 carminis,
928 1868 992 1910 csse
1013 1847 1099 1909 inane
1119 1845 1182 1931 (2).

450 2119 490 2182 (t)
503 2112 558 2191 [Cr‘j
575 2116 668 2167 Verrem
675 2132 687 2167 .·
704 2115 819 2167 ostendit
837 2115 907 2182 quod
925 2122 984 2181 post
1003 2111 1199 2181 inseptationeru
1219 2110 1327 2163 istorum
1346 2111 1440 2181 incepit
1458 2130 1549 2166 oanere
1567 2112 1622 2182 ipse
1641 2123 1667 2165 et

378 2208 490 2277 qualiter
506 2208 677 2275 componebat
696 2195 826 2258 interdurn
844 2205 959 2259 earmina
976 2205 1034 2272 alijs
1052 2203 1212 2256 delectabilia
1237 2205 1284 2255 sed
1308 2204 1358 2255 sibi
1376 2221 1438 2266 non,
1456 2222 1514 2256 cum
1535 2204 1668 2273 aquisitis·

381 2308 421 2351 set
438 2298 588 2351 theoricam.
606 2298 639 2348 Et
657 2314 716 2349 curn
735 2296 848 2349 theorica
867 2296 901 2348 sit
919 2295 1040 2357 nobilior,
1058 2304 1193 2363 propterea
1211 2294 1315 2362 ponitur
1332 2294 1404 2363 prior
1421 2294 1527 2362 pratioa,
1538 2294 1597 2347 licet
1613 2313 1668 2364 pra·

379 2390 430 2441 tica
448 2387 519 2456 prior
537 2386 631 2449 luerim
650 2404 709 2439 nam
730 2386 796 2438 sicut
815 2388 848 2439 rie
867 2386 933 2438 valle
951 2387 984 2437 ad
1003 2402 1125 2437 cacumen
1144 2385 1181 2437 sic
1198 2402 1245 2453 per
1263 2386 1384 2454 pratiearn
1403 2404 1419 2437 a
1441 2385 1532 2453 primis
1550 2385 1666 2439 invento

380 2478 451 2529 ribos
471 2477 534 2530 itum
552 2486 592 2529 est
610 2478 643 2528 ad
663 2476 812 2529 theoricam.
829 2505 840 2517 ·
858 2485 962 2528 careres:
981 2476 1098 2528 homines
1124 2475 1260 2528 inlictcrati
1278 2477 1341 2528 dant
1359 2476 1437 2528 michi
1455 2476 1557 2530 lamam.
1574 2505 1584 2517 -
1602 2479 1668 2527 nina·

375 2570 445 2635 pled·
464 2568 531 2619 idest
550 2584 640 2629 muse;
659 2568 708 2618 hoc
725 2576 784 2618 esta
802 2566 862 2619 licet
881 2567 933 2618 sint
952 2567 1067 2619 carmine
1085 2561 1150 2618 lacta
1172 2583 1231 2619 cum
1250 2584 1343 2635 magna
1361 2567 1561 2635 ponderositate,
1581 2576 1667 2619 tamen

380 2675 432 2709 non
451 2659 552 2725 placent
572 2668 688 2725 respectu
708 2657 852 2709 carminum
866 2657 978 2725 Virgilij,
996 2667 1022 2709 et
1034 2668 1073 2709 est
1092 2658 1157 2709 ratio
1169 2658 1230 2725 qnia
1249 2657 1350 2709 illorum
1367 2658 1510 2709 carminum
1530 2676 1581 2710 non
1599 2660 1665 2710 bene

379 2765 436 2799 surn
456 2749 599 2800 intellectus
618 2757 644 2799 et
663 2747 700 2799 sle
718 2764 821 2815 semper
840 2746 927 2816 putavi
950 2758 1052 2816 poetam
1075 2747 1152 2800 altius
1175 2748 1342 2800 intellexisse.
1360 2778 1370 2787 ·
1387 2755 1465 2799 nmen
1476 2766 1487 2801 .·
1506 2749 1638 2817 Virgilius.
1658 2779 1667 2789 ·

377 2841 499 2890 oda·enn.·
516 2839 636 2891 Omerus.
655 2868 664 2878 ·
683 2856 764 2889 uror:
782 2839 874 2890 allecto
893 2856 987 2908 equare
1005 2839 1127 2891 carmina.
1153 2868 1162 2879 ·
1187 2842 1216 2890 a'n
1242 2848 1356 2891 nsanos:
1380 2842 1414 2893 atl
1439 2840 1585 2893 theoricam.
1604 2870 1614 2881 -
1629 2844 1667 2893 sic

377 2947 424 2980 eo:
442 2932 475 2981 ad
494 2929 626 2997 praticam.
645 2933 709 2980 -sic
729 2930 817 2980 redeo:
835 2949 851 2982 a
877 2930 973 2998 pratiea
996 2931 1029 2981 ad
1055 2930 1203 2981 theoricam.
1221 2959 1231 2969 ·
1248 2932 1354 2981 collibus
1371 2932 1453 2981 altis:
1472 2931 1667 2998 sapientibus.-

378 3020 759 3077 hectemthorainessublimes
773 3032 813 3073 ,et
836 3021 937 3074 celestis
964 3021 1070 3088 ingenij.
1089 3050 1098 3061 ·
1116 3023 1176 3073 Νοκ
1197 3040 1272 3073 rauce
1281 3040 1292 3072 .·
1310 3024 1384 3074 turba
1404 3022 1585 3091 ignorantium.
1603 3053 1613 3063 -
1632 3025 1669 3074 Et

378 3110 478 3161 michi:
495 3107 539 3184 [E]
557 3128 618 3162 nam
638 3128 691 3163 noo
710 3112 802 3163 suflicit
822 3122 849 3163 ut
866 3112 910 3178 alij
929 3112 1034 3162 laudent
1058 3112 1167 3163 aliorum
1190 3112 1257 3163 dicta
1276 3112 1326 3163 uisi
1352 3112 1407 3181 ipse
1425 3130 1581 3180 componens
1600 3113 1668 3165 dieat

377 3204 527 3257 inanimo:
547 3203 596 3253 ista
615 3204 711 3254 habent
729 3202 828 3271 aliquid
846 3202 924 3263 boni;
943 3220 1003 3253 nam
1028 3202 1071 3268 aiij
1097 3203 1204 3253 eredunt
1229 3202 1367 3254 dictantem
1386 3203 1472 3254 lorsan
1496 3204 1574 3255 ntttlta
1593 3204 1667 3265 scire.

295 3300 298 3305 “
377 3311 436 3347 cum
457 3293 493 3345 rei
513 3292 620 3345 veritate
639 3294 672 3344 sit
691 3309 806 3360 grossus.
826 3322 835 3332 ·
854 3296 938 3343 niort:
955 3302 999 3343 aut
1019 3293 1094 3353 mori,
1112 3301 1156 3343 aut
1175 3292 1247 3360 sequi
1266 3304 1354 3360 poetas
1373 3304 1398 3345 et
1417 3294 1498 3345 facere
1516 3294 1637 3346 earmina.

452 3387 492 3448 (2)
511 3381 567 3453 [Cr]
585 3385 663 3433 linem
674 3400 685 3434 .·
705 3384 897 3435 monasterium.
917 3384 986 3434 -hic
1005 3383 1130 3444 monicus,
1152 3385 1273 3451 ponendo
1292 3401 1366 3434 suum
1385 3384 1550 3445 desiderium,
1568 3386 1667 3452 sculpat

379 3493 454 3528 suum
474 3475 578 3526 fratrem
596 3475 667 3541 quod
686 3483 793 3541 propter
810 3491 902 3525 vanam
915 3474 1023 3541 gloriam
1043 3474 1151 3525 laborat.
1164 3475 1197 3525 Et
1217 3473 1314 3525 utinam
1327 3485 1395 3525 esset
1413 3475 1554 3543 dispositas
1571 3474 1667 3529 intrare

380 3566 564 3619 monasterinm
590 3565 674 3615 istud!
700 3573 726 3615 et
751 3564 813 3616 dicit
837 3565 929 3615 durum
950 3574 1052 3632 repectu
1071 3564 1179 3615 aliorum
1206 3565 1419 3618 monasteriorum
1438 3566 1552 3634 quinon
1571 3568 1666 3619 habent

379 3658 441 3708 istas
461 3656 580 3724 regulas3
598 3671 659 3706 nam
679 3664 747 3706 stant
766 3654 815 3705 soli
837 3664 862 3706 et
882 3672 933 3707 non
952 3655 1071 3707 locuntur
1097 3654 1153 3707 sine
1177 3656 1287 3708 licentia.
1306 3656 1375 3707 Nota
1399 3658 1468 3725 quod
1492 3666 1567 3709 autor
1585 3657 1666 3725 magis

379 3746 465 3797 laudet
483 3746 562 3796 vitam
580 3746 688 3797 activam
708 3762 786 3814 quam
805 3746 1037 3813 contemplativam.
1057 3775 1066 3785 ·
1085 3746 1202 3812 refugis:
1219 3764 1235 3799 a
1253 3746 1318 3798 meis
1336 3746 1419 3797 dietis.
1431 3775 1440 3785 ·
1453 3754 1602 3813 turpesque:
1620 3764 1666 3815 per

378 3836 561 3887 abstinentiam
588 3853 716 3903 magnam.
744 3843 848 3887 ·tuto.·
872 3827 942 3903 qnia'
958 3852 1010 3887 oon
1029 3835 1105 3887 times
1132 3846 1249 3888 mortem.
1274 3866 1284 3876 ·
1303 3837 1430 3903 fnestra:
1448 3837 1508 3905 quia
1534 3845 1603 3888 stant
1621 3855 1665 3905 per

379 3942 475 3977 annum
494 3926 606 3993 primum
625 3937 660 3987 et,
679 3926 701 3977 si
720 3943 773 3977 non
792 3926 875 3993 placet
901 3926 997 3993 regula,
1020 3936 1129 3995 possunt
1154 3926 1223 3978 exire
1248 3936 1274 3979 et
1300 3928 1401 3980 reverti.
1426 3956 1437 3968 ·
1461 3929 1585 3979 silentio:
1605 3928 1666 3997 quia
1750 3976 1755 3985 ,

379 4015 486 4082 precipit
505 4018 575 4082 quod
595 4017 651 4067 sine
670 4016 773 4068 licentia
793 4015 879 4066 nullus
899 4015 1020 4083 loquitur.
1039 4019 1151 4067 -drtam⁸
1169 4016 1221 4068 vite
1239 4018 1395 4084 temporalis.
1408 4046 1418 4056 ·
1430 4035 1582 4085 tenentque:
1594 4035 1666 4070 mun·

378 4106 512 4156 daoarum.
532 4134 542 4144 ·
563 4106 712 4173 Apostrolat
730 4106 792 4173 quia
811 4115 899 4173 posset
917 4107 974 4172 alijs
993 4106 1078 4159 dicere
1104 4109 1182 4159 irater
1201 4106 1334 4159 monicus:
1353 4115 1380 4157 tu
1399 4107 1527 4174 relinques
1546 4109 1608 4160 istas
1627 4126 1665 4161 ca·

380 4213 550 4263 menas..quas
563 4213 628 4247 non.
641 4196 720 4247 habes
739 4214 755 4246 a
775 4208 866 4247 natura
884 4206 917 4247 et.
928 4196 1013 4263 capies
1033 4206 1149 4248 nostrum
1170 4215 1275 4250 morem.
1295 4199 1336 4249 nd
1354 4198 1579 4265 quod-respondet
1595 4201 1665 4266 quod

378 4303 430 4337 uon
450 4298 536 4355 posset
556 4304 583 4338 se
603 4286 705 4337 silentio
724 4288 892 4347 assuefacere,
918 4304 976 4338 cum
1002 4305 1047 4339 sue
1073 4305 1148 4339 aures
1173 4289 1224 4341 sint
1242 4298 1344 4339 assuete
1362 4288 1474 4339 camenis
1496 4289 1664 4356 perlongum

380 4395 469 4436 usom;
487 4378 532 4444 qui
551 4377 630 4428 sactus
650 4388 689 4429 est
707 4378 841 4429 naturalis.
861 4378 893 4428 Et
917 4377 976 4429 ideo
996 4387 1056 4428 nota
1074 4380 1144 4446 qnod
1163 4389 1262 4439 natura,
1274 4396 1351 4448 quam
1371 4378 1505 4446 aequisivit
1524 4378 1600 4430 bomo
1619 4395 1664 4447 per

380 4485 453 4519 usum
472 4478 498 4519 et
516 4468 734 4529 exercitationem,
753 4480 791 4520 est
818 4468 951 4520 deductior
969 4480 995 4520 et
1014 4470 1188 4521 delectabilior
1206 4488 1282 4536 quam
1302 4470 1441 4537 illaquam
1460 4470 1538 4520 homo
1556 4469 1665 4520 habeta

378 4569 477 4609 natura.
495 4588 505 4598 -
523 4559 616 4609 Silvius
636 4560 751 4611 defendit
775 4577 847 4609 suam
873 4577 976 4611 causam
1000 4561 1146 4610 excusando
1170 4577 1197 4610 se
1219 4560 1289 4627 quod
1312 4577 1364 4610 non
1388 4555 1495 4613 iaciebat
1513 4577 1544 4611 ex
1564 4559 1664 4619 timore,

377 4650 422 4701 sed
441 4648 501 4716 quia
520 4661 610 4700 natura
629 4667 675 4700 sua
695 4652 853 4723 repugnabat
873 4650 909 4701 illi
930 4650 1026 4717 regule.
1045 4651 1078 4701 Et
1104 4652 1213 4701 maxime
1236 4650 1296 4717 quia
1319 4650 1375 4718 ipse
1399 4652 1480 4704 luerat
1499 4659 1617 4702 assuetus
1636 4649 1664 4700 li·

377 4742 429 4792 bris
449 4751 591 4807 poetarum
611 4740 749 4808 inquibus
770 4757 871 4808 semper
889 4742 1005 4809 capiebat
1024 4742 1226 4794 delectationem.
