4125 5217
820 385 851 436 rr
873 385 1061 436 rocorrcmr
1084 385 1214 436 canum·
1598 367 1659 455 189
1722 436 1730 447 ,

380 649 445 734 quit
464 661 495 713 et
523 650 643 732 sprevit.
664 684 684 697 -
713 647 822 733 procori
853 666 918 709 mea
949 645 1054 724 hrrma,
1075 669 1164 732 super
1193 648 1294 738 onmia
1326 648 1417 732 (idest
1445 664 1514 711 ame
1543 649 1660 730 onmia)

381 747 477 833 phebo
489 771 497 825 ;
511 747 568 811 hoc
583 764 642 811 est:
659 767 725 809 mea
746 746 839 808 forma
861 746 971 830 placuit
994 748 1164 812 inlustribus
1183 750 1253 811 riris
1267 763 1296 812 et
1310 749 1481 831 ingeniosis,
1497 749 1662 812 lucentibus

382 846 458 910 lama
479 863 508 909 et
531 849 658 924 r·irtute;
679 863 719 922 et,
742 862 828 931 prout
849 847 962 910 dictum
984 864 1039 922 est,
1064 847 1223 931 allegorice
1254 850 1386 933 sequitur
1416 846 1543 910 fabulam
1571 849 1661 929 oridij

382 945 511 1030 plrebum
540 966 654 1009 amasse
675 948 768 1029 ipsam
798 946 978 1031 dampnem3
999 947 1120 1010 demum
1151 962 1267 1031 spretus
1288 962 1332 1009 est
1353 962 1382 1009 et
1403 948 1464 1030 ipsa
1486 949 1515 1009 in
1547 945 1663 1011 laurum

383 1066 475 1109 versa.
496 1081 516 1094 -
534 1049 649 1109 Aurem
678 1045 727 1107 ilie
758 1066 885 1107 commo:
907 1045 1020 1130 phebus
1041 1045 1130 1110 habet
1160 1067 1278 1109 comam
1306 1036 1477 1110 aurcam'et
1497 1048 1663 1132 spectabilis

383 1144 476 1208 nitido
492 1165 585 1222 arcu;
608 1164 676 1207 nam
697 1143 911 1228 depingebantur
938 1147 1057 1228 ingenio
1079 1148 1229 1231 alteraque
1251 1162 1354 1229 potens
1375 1162 1405 1209 ct
1425 1146 1568 1230 superbus
1597 1149 1663 1211 iore

384 1260 474 1328 patre,
495 1246 563 1330 quia
583 1244 690 1307 dicitur
711 1244 840 1328 phebum
862 1244 950 1307 luisse
970 1244 1065 1307 lilium
1086 1246 1161 1308 ioris
1181 1260 1211 1308 et
1233 1245 1331 1308 latone
1352 1248 1463 1309 matris.
1484 1281 1495 1294 ·
1514 1254 1622 1330 sprrios
1639 1254 1664 1309 ri

383 1345 537 1428 irrriigrrorrs
557 1342 637 1426 adiit,
657 1364 709 1407 seu
731 1364 780 1407 me
800 1360 945 1408 mutatam
975 1346 1005 1407 in
1027 1343 1143 1408 laurum
1166 1344 1322 1429 reliquens.
1343 1381 1363 1394 -
1382 1353 1438 1408 sini
1468 1347 1576 1408 rorterio
1598 1349 1664 1431 ripn

385 1441 469 1527 rurvj
481 1445 562 1516 senis,
575 1465 629 1506 seu
642 1447 746 1528 pennei
762 1448 848 1508 senis.
865 1465 995 1529 penneus
1015 1445 1124 1509 dicitur
1145 1444 1232 1509 fuisse
1246 1447 1291 1509 vir
1312 1446 1533 1531 potentissinms
1553 1448 1582 1509 in
1605 1447 1666 1509 tlte·

384 1544 465 1621 salia,
486 1546 536 1629 qui
567 1544 642 1625 hanc
673 1544 764 1607 liliam
785 1544 888 1622 habuit
909 1546 1030 1608 nominc
1050 1546 1229 1630 dampnem3
1250 1547 1300 1630 qui
1329 1548 1665 1630 penneusflpostpipsius

305 1698 308 1702 .
385 1660 512 1708 mortem
533 1644 628 1708 dictus
649 1662 693 1707 est
713 1644 785 1707 deus
807 1645 976 1721 fluviorum,
997 1661 1027 1708 et
1048 1645 1087 1708 ob
1108 1647 1198 1730 ipsius
1220 1647 1395 1709 memoriam
1417 1647 1536 1731 quidam
1559 1646 1666 1709 fluvius

385 1746 415 1807 in
445 1746 535 1808 trecia
564 1743 660 1808 dictus
691 1763 735 1808 est
766 1765 907 1829 pennens,
938 1766 1026 1828 super
1057 1747 1141 1809 cuius
1173 1748 1267 1831 ripam
1300 1747 1400 1829 patris,
1430 1745 1538 1822 srlia,a
1569 1745 1666 1831 phebo

385 1860 497 1920 secuta,
517 1858 630 1907 mutata
645 1846 673 1906 in
694 1844 864 1930 datnpnem,
878 1847 908 1908 in
929 1843 1066 1922 laorum;
1088 1861 1127 1922 et,
1150 1860 1237 1931 prout
1251 1844 1333 1922 dicit,
1354 1845 1385 1907 in
1406 1846 1470 1929 ipso
1492 1845 1559 1909 loco
1580 1844 1665 1908 multi

386 1958 456 2007 sunt
475 1943 566 2029 laurj3
587 1944 653 2008 ideo
666 1946 753 2009 dicit:
771 1947 907 2008 «coriaria
923 1947 987 2030 ripa
1000 1971 1028 2023 s,
1042 1947 1110 2030 quia
1126 1947 1208 2010 testis
1223 1959 1267 2008 est
1281 1965 1333 2007 sue
1347 1947 1531 2021 mutationis,
1544 1946 1611 2031 quia
1627 1945 1665 2008 ibi

388 2060 511 2108 nautata.
530 2080 541 2094 ·
561 2045 645 2128 corvi
665 2048 737 2109 senis
756 2046 867 2132 pernici.
888 2046 960 2110 dicit
979 2046 1074 2129 troni,
1102 2047 1170 2131 quia
1191 2048 1254 2131 ipse
1274 2046 1381 2108 fluvius
1402 2046 1514 2109 circum
1539 2050 1617 2109 circa
1637 2067 1669 2108 se

387 2144 490 2221 flectit,
510 2146 667 2209 decurrens
688 2167 771 2210 more
791 2150 906 2231 anguis.
920 2182 931 2195 ·
945 2163 974 2210 et
988 2146 1101 2232 nimphe
1113 2148 1216 2232 porris,
1230 2147 1305 2209 idest
1319 2147 1373 2209 dee
1387 2144 1542 2208 florarinunr
1558 2166 1669 2209 meum

390 2260 455 2308 rant
483 2247 583 2308 omnia
614 2244 680 2323 bec,
701 2251 934 2331 persecutionem
966 2262 995 2310 et
1026 2248 1223 2310 mutationem
1252 2247 1321 2309 mei.
1349 2282 1369 2295 ·
1400 2252 1439 2319 lo,
1460 2268 1512 2310 seu
1537 2263 1669 2331 stupens,

389 2344 459 2428 quid
489 2344 595 2408 landes?
615 2347 685 2431 quid
699 2349 835 2430 cogitas?
856 2347 925 2432 quid
941 2349 1049 2430 putas?
1069 2367 1140 2431 quo,
1155 2348 1230 2409 idest
1244 2347 1280 2408 ad
1301 2367 1391 2432 quem
1407 2346 1518 2423 locum,
1539 2346 1584 2409 rel
1609 2367 1669 2431 quo

391 2443 480 2506 modo
511 2460 595 2528 putas
627 2446 683 2509 hoc
713 2467 818 2508 saxum
850 2445 1007 2528 frangere?
1027 2446 1099 2509 dicit
1129 2446 1159 2509 id
1189 2467 1302 2523 saxoni,
1323 2461 1443 2530 propter
1473 2448 1669 2509 constantiam

389 2545 497 2607 eximie
526 2547 668 2609 castitatis
699 2547 789 2628 ipsius
820 2545 940 2608 domine
971 2544 1080 2621 lauree,
1101 2568 1159 2632 que
1190 2567 1342 2632 nunquam
1372 2567 1442 2608 ausa
1473 2543 1530 2608 luit
1554 2545 1671 2609 flectere

389 2644 494 2709 oculos
514 2645 670 2708 inhonesto
690 2635 790 2720 modo,
805 2646 835 2707 in
855 2666 912 2730 qua
928 2645 1043 2708 nullum
1065 2647 1204 2728 singnum
1225 2647 1415 2708 inhonestum
1438 2660 1519 2719 erat;
1540 2643 1586 2707 rel
1601 2645 1671 2707 dicit

391 2744 439 2807 doc
458 2765 569 2821 saxum,
583 2748 651 2830 quia
673 2747 734 2829 ipsa
755 2747 869 2830 poetica
890 2747 1011 2809 scientia
1033 2745 1106 2808 dora
1128 2761 1158 2808 et
1179 2748 1276 2828 grauis
1298 2762 1327 2808 et
1348 2745 1439 2807 ardua
1461 2761 1515 2822 est,
1530 2748 1570 2807 ita
1592 2747 1672 2829 quod

391 2864 451 2906 noo
471 2845 533 2906 sine
563 2866 673 2929 magno
694 2844 794 2907 labore
815 2860 911 2929 potest
941 2848 1006 2930 quis
1028 2865 1094 2907 eam
1116 2860 1224 2907 tenere.
1246 2859 1316 2907 -et
1344 2846 1399 2907 iste
1427 2843 1550 2908 ultimus
1572 2866 1672 2906 versus

393 2943 587 3027 interogatite
601 2943 742 3027 legendus
763 2959 816 3007 est.
829 2979 840 2992 ·
854 2946 917 3028 ptris
931 2946 1007 3027 quis:
1030 2964 1108 3008 nunc
1123 2943 1253 3029 loquitur
1266 2960 1397 3028 stupens,
1412 2943 1561 3027 proferens
1575 2943 1671 3027 aliqua

391 3042 532 3113 notabilia
553 3058 582 3109 et
604 3043 728 3128 loquens
746 3045 784 3106 ad
804 3044 967 3107 humanum
990 3065 1095 3129 genus,
1115 3043 1273 3106 ostendens
1293 3042 1374 3128 quod
1396 3041 1494 3108 nullus
1516 3042 1602 3106 debet
1626 3043 1675 3105 de·

390 3144 517 3207 siderare
530 3158 559 3207 et
572 3144 711 3205 affectare
733 3164 805 3221 rem,
820 3165 908 3229 quam
923 3143 978 3207 sibi
993 3166 1053 3207 ooo
1068 3147 1227 3208 conveniat
1241 3159 1270 3207 et
1285 3142 1361 3206 ultra
1384 3142 1523 3205 uirtutem
1538 3164 1621 3204 suam
1644 3159 1673 3205 et

392 3246 554 3329 potentiam
584 3260 613 3306 et
645 3243 828 3307 habilitatem
859 3244 968 3330 aliquid
999 3247 1083 3330 sequi
1111 3262 1141 3307 et
1163 3244 1248 3320 velle,
1269 3245 1337 3327 quia
1369 3246 1419 3327 qui
1441 3245 1483 3306 sic
1507 3244 1673 3305 inordinate

392 3346 524 3407 animum
545 3344 703 3427 protendit,
725 3365 791 3406 raro
810 3344 891 3428 quod
918 3345 998 3429 quod
1019 3346 1240 3430 concupiscitur
1259 3343 1446 3427 adipiscatur.
1469 3345 1559 3405 etita
1584 3344 1673 3405 dicit:

392 3446 524 3528 quisquis
539 3443 724 3526 tranquillus,
738 3443 813 3506 idest
827 3464 993 3528 prosperus,
1008 3444 1110 3507 rolens
1126 3443 1179 3527 fruj
1195 3442 1291 3506 solido
1305 3463 1416 3517 amore,
1431 3442 1489 3504 alta
1505 3463 1586 3526 pace,
1601 3443 1674 3504 idest

391 3546 455 3606 sine
474 3544 651 3619 adversario,
671 3580 682 3593 ·
703 3546 813 3606 orniam
828 3544 910 3628 sagr,
932 3547 1042 3607 maiora
1064 3565 1153 3629 quarn
1175 3544 1228 3607 ribi
1250 3544 1450 3618 conueniant,
1472 3549 1497 3603 el
1518 3544 1602 3604 itioris
1616 3542 1676 3603 nilo

393 3651 496 3707 revelo.
513 3644 573 3706 illic
586 3650 764 3729 coronopius,
779 3644 853 3706 idest
868 3646 1055 3728 vituperatio,
1077 3646 1210 3729 namqui
1235 3642 1310 3706 ultra
1330 3644 1375 3705 sui
1391 3641 1615 3726 possibilitatem
1637 3645 1677 3705 in·

395 3746 471 3827 genij
494 3745 639 3827 transigit,
660 3744 818 3820 deridetur,
839 3746 863 3806 si
884 3745 921 3807 ad
942 3745 1021 3828 quod
1043 3745 1137 3808 tendit
1158 3743 1248 3806 modo
1264 3763 1322 3804 non
1344 3744 1496 3827 perreoit;
1518 3758 1547 3804 et
1567 3744 1677 3826 iurgio,

395 3844 469 3906 idest
483 3846 697 3914 contemnanus
709 3843 768 3907 illic
783 3860 864 3918 suot;
880 3845 985 3925 iurgia,
998 3845 1075 3920 dico,
1091 3845 1173 3906 irrisio
1185 3842 1315 3927 querelis,
1330 3843 1405 3904 idest
1419 3842 1677 3904 lamentationibus

394 3945 567 4018 amicomm,
588 3946 638 4027 qui
660 3943 750 4005 stulte
770 3942 849 4026 quod
871 3942 990 4005 colebat
1018 3963 1114 4026 agere.
1137 3946 1202 4005 Hoc
1225 3962 1285 4004 non
1307 3956 1370 4003 erat
1391 3944 1433 4003 tui
1458 3944 1540 4004 iuris.
1562 3958 1592 4003 et
1613 3949 1677 4003 olm

393 4044 503 4118 rrrrdilo,
510 4045 585 4107 idest
596 4046 825 4128 vituperationes
837 4060 865 4106 et
876 4044 1018 4107 dedecora
1029 4043 1279 4119 baccantur,idest
1291 4041 1360 4106 binc
1369 4043 1436 4105 inde
1444 4044 1583 4105 incedunt
1595 4063 1679 4105 more

398 4144 593 4218 baccamium,
614 4146 682 4228 quia
705 4142 811 4227 vulgus
833 4159 862 4206 et
881 4163 986 4205 omnes
1007 4143 1146 4206 locuntur
1167 4143 1315 4227 perpetuis
1337 4144 1442 4218 ventis,
1464 4137 1538 4220 ide'st
1556 4142 1678 4204 assiduis

395 4243 642 4308 susurrationibus
657 4244 822 4305 hominum.
834 4278 844 4290 -
855 4243 933 4326 poio.
946 4243 1021 4305 idest
1031 4262 1094 4315 cur,
1110 4263 1169 4304 non
1184 4241 1251 4305 dico
1267 4241 1379 4303 bonum
1391 4262 1454 4303 esse
1465 4243 1557 4303 vitare
1569 4261 1679 4323 parem,

396 4344 459 4407 licei
479 4348 599 4425 osirrpni
619 4362 703 4402 error
722 4341 876 4425 perdidistis,
891 4340 965 4402 idest
987 4357 1153 4403 mumruret
1168 4361 1251 4402 error
1273 4339 1396 4424 populi3
1418 4341 1499 4424 quasi
1522 4339 1599 4400 dicat
1621 4360 1679 4400 non

397 4459 511 4506 tantum
533 4442 644 4503 maiora
666 4461 728 4502 esse
749 4441 877 4515 citanda,
898 4441 948 4502 sed
970 4442 1061 4503 etiam
1091 4441 1180 4522 paria,
1201 4441 1337 4525 quamvis
1359 4441 1494 4503 comonis
1516 4459 1597 4500 error
1620 4459 1679 4500 nno

396 4544 437 4605 sic
459 4540 575 4603 iudicet.
598 4559 666 4600 nam
687 4558 791 4599 omnes
812 4539 943 4601 iudicant
964 4541 1042 4621 paria
1065 4537 1119 4599 sibi
1141 4537 1344 4621 subsequenda
1369 4555 1398 4600 et
1419 4537 1582 4600 arl'ectaoda
1597 4557 1680 4606 essc;

396 4640 447 4701 sed
478 4655 563 4701 autor
585 4637 698 4699 'melius
720 4653 749 4698 et
781 4636 920 4701 humilius
941 4654 1057 4700 ortatur
1077 4657 1132 4698 nos
1153 4638 1275 4718 iungere
1307 4636 1468 4699 nonoribus
1501 4635 1585 4697 rebus
1613 4656 1681 4718 qne,

396 4739 511 4824 adepte,
531 4736 653 4824 pacifice
684 4735 870 4821 possidentur
900 4753 928 4800 et
960 4738 1181 4822 adipiscendum
1202 4735 1314 4799 habiles
1345 4753 1424 4798 sum.
1453 4736 1521 4798 ideo
1541 4735 1600 4797 ait:
1623 4735 1681 4796 nd·
