4125 5217
809 374 841 421 ΙΙ.
864 375 1050 423 Bucolicum
1076 378 1204 422 ultratus

365 506 543 518 oae--a-—a
1087 508 1544 521 -..--—--·--.....-.-..
1563 512 1601 521 ...-
1623 512 1647 523 ..

367 632 521 729 Solum,
550 633 617 741 qui
648 632 799 741 populo
828 631 933 738 leges
962 654 998 716 et
1028 635 1111 716 iura
1138 633 1317 728 dedisset,

363 761 526 867 Jamque
555 787 671 841 senex
701 761 825 841 musis
854 788 1013 868 operam
1044 759 1161 856 daret,
1191 760 1284 842 urbe
1314 760 1454 844 relicta.

369 886 459 969 Vidi
491 884 660 995 aquilam
692 885 790 969 calvi
819 887 965 969 circum
996 886 1157 970 volitare
1185 886 1365 970 sedentis.

372 1013 453 1097 Ore
481 1032 596 1120 caput
625 1011 756 1119 plenu,
784 1012 905 1095 simul
935 1011 1047 1106 illuni
1078 1012 1228 1096 lumina
1258 1041 1398 1123 campo

375 1138 568 1234 Delisum,
598 1139 763 1221 immota
792 1138 1044 1221 meditantem
1074 1141 1244 1222 carmina
1276 1140 1411 1224 l‘rorrte.

376 1264 477 1359 Vidi,
506 1284 748 1373 expectatum
779 1286 820 1348 ut
849 1286 999 1348 caneret
1027 1264 1231 1350 dulcedine
1261 1267 1394 1360 multa,

375 1391 609 1498 Obriguisse
636 1421 783 1488 senem,
814 1420 1029 1501 vocemque
1059 1394 1098 1475 in
1130 1392 1304 1476 faucibus
1334 1395 1424 1477 imis

377 1519 583 1601 Arctatam.
616 1520 750 1601 Musas
779 1521 951 1602 animam
982 1522 1155 1628 rapuisse
1184 1540 1348 1628 putarer,

376 1643 440 1726 Sic
468 1643 607 1728 cubitu·
631 1645 863 1728 incumbens
890 1644 1110 1753 similisque
1139 1667 1216 1728 erat
1245 1674 1312 1727 ore
1340 1646 1522 1727 canenti:

378 1770 524 1854 Fistula
552 1770 710 1879 pallenti
741 1771 930 1881 pendebat
958 1794 1067 1855 muta
1095 1770 1249 1855 labello.

379 1898 494 1980 Hunc
522 1898 621 1981 alius
650 1900 777 1981 Musis
805 1901 872 2008 qui
903 1918 1035 2008 pastor
1061 1900 1225 1982 amicior
1251 1898 1377 1993 almis,

378 2023 453 2107 Sed
483 2025 614 2108 minus
642 2047 821 2134 acceptus
849 2026 958 2109 silvis
988 2048 1024 2110 et
1052 2028 1177 2109 victor
1205 2045 1247 2109 ut
1275 2047 1352 2108 arte

372 2150 528 2253 judicio
556 2152 612 2235 sic
640 2153 765 2236 victus
794 2173 885 2250 erat,
914 2153 961 2237 de
990 2181 1100 2237 more
1127 2153 1278 2236 solebat

380 2280 576 2362 Victorem
607 2279 726 2363 ridere
754 2309 885 2375 suurn,
915 2280 1021 2389 quud
1052 2280 1190 2362 iudicis
1219 2281 1308 2387 equi

380 2406 545 2488 Carmen
576 2407 703 2514 inops,
733 2408 840 2516 quod
869 2406 973 2490 lama
1001 2408 1110 2514 vagis
1141 2408 1322 2490 incertior
1350 2406 1465 2488 auris,

383 2531 472 2614 Vidi
501 2533 568 2641 qui
597 2531 691 2615 fixas
721 2555 867 2641 raperet
896 2562 997 2642 speS,
1027 2532 1179 2616 adderet
1210 2534 1296 2628 iras,

382 2660 548 2765 Cogeret
575 2659 623 2742 ad
651 2681 792 2743 certam
824 2658 1040 2743 flammanti
1069 2660 1239 2743 carmine
1269 2680 1449 2743 mortem.

385 2788 473 2870 Vidi
502 2787 636 2884 alium,
664 2787 774 2869 silvis
804 2788 977 2896 pulsum,
1007 2817 1101 2871 ntus·
1129 2789 1300 2870 carmine
1328 2786 1431 2869 dulci

384 2913 600 2998 Extinxisse
629 2914 779 2998 odium.
810 2915 922 3013 Quid
951 2917 1056 2998 enim
1077 2917 1158 2998 rim
1179 2915 1362 2996 carminis
1382 2915 1522 3021 equet?

388 3041 581 3124 Temnere
610 3070 705 3150 opes
733 3043 829 3125 tanti
859 3070 1015 3154 causam
1045 3043 1296 3150 preciumque
1326 3039 1469 3157 laboris

386 3154 475 3250 Vidi
505 3153 671 3277 aliquos,
700 3192 875 3276 artesque
905 3168 1027 3251 bonas
1056 3167 1265 3261 celebrare;
1294 3166 1361 3248 sed
1392 3168 1489 3248 inter

386 3297 472 3379 Hos
500 3293 574 3378 luit
602 3294 731 3403 ampla
759 3296 856 3377 sacri
886 3294 970 3402 lege
1000 3295 1070 3378 hac
1098 3296 1166 3401 qui
1196 3295 1278 3376 iura
1309 3294 1475 3400 parentis

386 3422 617 3530 stringerem
648 3421 724 3504 hoc
753 3424 893 3505 merito
922 3422 1056 3504 doctas
1085 3420 1256 3503 laudaret
1285 3418 1469 3502 Athenas.

386 3547 477 3630 Vidi
505 3548 572 3654 qui
602 3547 742 3631 multre
771 3546 950 3630 assiduus
979 3574 1223 3653 numeroque
1252 3543 1454 3651 superbus,

387 3676 501 3758 Lacte
530 3702 708 3782 premens
737 3672 914 3781 fragilem
943 3672 1130 3756 fiscellam
1160 3692 1354 3778 rumperet
1383 3671 1481 3762 acri;

388 3802 472 3899 Qui
501 3829 605 3883 nova
632 3802 809 3884 mactatis
838 3821 1013 3883 oneraret
1044 3800 1212 3909 plaustra
1242 3799 1436 3888 iur·encis;
1635 3834 1671 3873 es

389 3928 473 4026 Qui
501 3928 579 4011 sale
608 3949 714 4036 terga
743 3928 865 4011 bourn
896 3949 1031 4011 tereret
1060 3927 1201 4010 laniata
1231 3926 1382 4032 rigenti,

389 4056 436 4138 Et
464 4057 530 4164 qui
559 4056 690 4163 sparsa
717 4055 854 4139 sedens
885 4077 1085 4163 pastorum
1114 4053 1214 4137 furta
1246 4072 1414 4142 notaret;

389 4164 541 4247 Biblida
569 4166 636 4273 qui
666 4167 982 4247 retitocantaret
1010 4191 1144 4245 amore
1173 4161 1383 4252 furentum

459 4367 680 4430 V.117:musas.
706 4396 714 4407 ·
740 4367 772 4418 Υ.
797 4377 860 4418 120:
881 4368 995 4419 musis·
1024 4366 1056 4418 V.
1079 4366 1142 4434 1¹28:
1162 4365 1231 4431 quid.
1260 4392 1269 4403 ·
1296 4363 1317 4414 11
1335 4364 1393 4414 cod.
1415 4362 1542 4412 tutet.
1565 4372 1588 4421 7.
1608 4358 1674 4409 della

390 4457 454 4514 Bibl.
478 4458 542 4509 Nar.
565 4458 592 4509 di
618 4458 712 4525 Napol't
731 4457 764 4508 rla
783 4468 873 4524 questa
899 4457 1012 4508 variante
1040 4457 1064 4507 al
1084 4473 1108 4507 v.
1132 4456 1195 4506 128:
1218 4454 1388 4505 udixtinxisse
1407 4453 1495 4503 odium
1518 4451 1580 4518 quid
1606 4450 1674 4499 enirn

389 4566 441 4600 non
463 4549 576 4600 carmina
595 4549 738 4615 possintne
758 4547 802 4600 et'r.
832 4566 891 4617 pag.
914 4548 952 4599 18.
974 4549 1003 4598 ln
1031 4564 1099 4607 esso,
1119 4547 1172 4613 poi,
1198 4563 1263 4596 sorio
1280 4545 1374 4595 ornessi
1394 4545 1401 4594 i
1423 4561 1473 4599 rae,
1500 4540 1609 4605 tart-163
1629 4542 1676 4589 ein·

389 4640 431 4691 nel
455 4641 512 4691 eod.
537 4639 748 4707 autogrufosono
768 4639 890 4697 aecorlati.
908 4657 958 4690 con
977 4650 1038 4690 nota
1056 4639 1082 4689 di
1103 4638 1234 4693 richianro.
1253 4636 1354 4701 all'egl.
1375 4635 1444 4688 xli:
1463 4632 1507 4684 et'r.
1528 4650 1587 4698 pag.
1611 4645 1648 4693 ru.
1669 4660 1675 4669 -

390 4731 423 4784 V.
445 4745 455 4783 r
460 4745 511 4797 32:
530 4731 646 4783 athenas.
