4125 5217
377 367 443 456 24⁶
879 378 1032 430 amomo
1053 378 1160 427 avam

379 646 473 733 pisces
495 646 602 709 isarnus
630 659 829 707 strumentum
857 642 893 705 ad
914 641 1102 725 capiendum,
1124 641 1178 703 iste
1198 639 1314 717 hamus,
1336 642 1443 702 missus
1464 640 1588 704 latenter
1608 642 1663 704 sub

379 749 463 832 aquis
484 760 660 808 venatorum
682 743 719 805 de
739 744 896 827 equitania.
926 756 955 806 et
977 743 1001 804 si
1022 742 1088 826 quis
1110 761 1235 823 magnus
1257 741 1354 823 piscis,
1369 738 1416 803 vel
1439 761 1546 825 taragna
1568 740 1663 804 bellua

378 849 494 931 capitur
515 846 544 907 in
566 843 652 906 litore
674 843 816 927 hispanie,
840 841 885 904 sel
908 843 931 904 si
953 862 1011 925 qua
1034 842 1140 903 iactata
1162 842 1191 901 in
1213 841 1285 901 mari
1306 840 1460 916 affricano,
1481 861 1532 902 seu
1554 842 1584 903 in
1605 842 1665 903 sir-

379 946 458 1010 tibus
479 945 550 1030 quid
573 944 703 1027 proderit
725 942 796 1005 tibi?
818 956 847 1004 et
869 958 980 1004 mostra
1002 941 1115 1003 marina
1137 949 1252 1023 portata
1273 940 1344 1023 quid
1360 940 1540 1023 proderunt?
1554 941 1664 1003 ctrina

379 1044 475 1109 calida
496 1059 617 1128 accepta
640 1064 675 1104 ex
699 1041 807 1104 sitibus
830 1041 939 1104 salerne
961 1042 1100 1122 regionis,
1122 1060 1174 1101 seu
1189 1038 1315 1123 appulie‚
1338 1038 1382 1101 vel
1406 1042 1472 1101 rina
1493 1039 1530 1102 de
1551 1038 1665 1123 alpibus

380 1147 468 1208 ianue
490 1159 520 1206 et
541 1145 609 1206 vina
631 1162 689 1226 que
711 1161 846 1216 reseras,
867 1140 942 1203 idest
964 1139 1013 1202 illa
1035 1154 1169 1203 contrata
1190 1139 1267 1223 apud
1288 1158 1427 1200 reserum
1452 1138 1521 1201 alit?
1543 1159 1666 1202 vesevus

370 1243 485 1308 ’urinis
498 1243 671 1305 'transmisit
699 1262 767 1303 rasa
797 1241 907 1303 vinaria
928 1240 965 1303 de
987 1241 1107 1323 geniir'ao'
1129 1237 1205 1301 colle
1226 1239 1390 1323 spuaii'a‘ri‘tia
1415 1238 1513 1323 rapide
1534 1240 1665 1323 precipiti

382 1358 492 1407 musto.
506 1377 517 1390 ·
532 1358 561 1404 et
583 1343 651 1404 rina
671 1362 730 1426 que
750 1340 830 1403 dedit
852 1360 953 1402 meroe
974 1356 1004 1402 et
1026 1340 1092 1402 sina
1114 1340 1203 1423 cipre‚
1218 1339 1292 1402 idest
1312 1340 1406 1402 insula
1421 1339 1493 1424 cipri
1515 1355 1545 1403 et
1565 1360 1666 1404 meroe

381 1439 517 1507 cont'rata
538 1440 593 1503 soli
615 1440 719 1522 orientj
743 1438 894 1503 subiecta?
916 1439 1037 1524 etquid
1061 1438 1190 1522 proderit
1219 1438 1270 1501 tibi
1297 1439 1380 1522 quies
1408 1454 1438 1501 et
1465 1459 1607 1522 sompnus
1636 1453 1665 1501 et

381 1541 478 1605 fontes
500 1542 581 1603 rauci
592 1555 655 1623 'per
668 1541 808 1602 ‘virentia
814 1542 916 1624 prata?
931 1540 1030 1601 orrmia
1046 1553 1256 1602 convertentur
1271 1540 1299 1599 in
1314 1537 1550 1621 pesteltt'tibi‚'ei
1565 1537 1667 1601 blanda

382 1645 520 1725 voluptas
542 1639 681 1704 conficiet
704 1639 813 1703 bellum
842 1656 870 1703 et
898 1639 961 1703 sola
991 1655 1042 1702 tua
1071 1636 1177 1702 mulier
1204 1638 1284 1701 volet
1310 1654 1339 1702 te
1365 1640 1466 1701 iuvare
1494 1654 1523 1701 et
1552 1640 1668 1722 poterit.

382 1742 505 1827 yronice
525 1738 676 1825 loquitur:
700 1754 770 1802 tunc
791 1738 904 1803 ius-abit
925 1754 964 1815 te,
992 1740 1112 1824 quando
1139 1740 1203 1801 ovis
1232 1754 1341 1802 sternet
1369 1738 1496 1813 leonem,
1517 1754 1547 1801 et
1569 1737 1670 1824 phylo

383 1860 470 1904 mena
490 1841 553 1903 aris
583 1841 663 1924 prius
691 1854 801 1902 stentet
826 1839 954 1925 aquilam
980 1841 1158 1922 armigeram
1186 1839 1270 1901 ioris.
1291 1874 1312 1887 -
1332 1840 1474 1901 Dixerat:
1502 1839 1670 1922 Respondet

385 1943 448 2005 Rea
469 1938 579 2002 francic
600 1954 629 2001 et
650 1940 741 2002 dicit:
763 1939 834 2022 quid
856 1938 979 2002 ulterius
1000 1940 1135 2001 vadimus
1158 1960 1209 2021 per
1227 1939 1283 2001 ista
1304 1939 1419 2022 iurgia?
1440 1939 1491 2002 sed
1518 1939 1670 2023 quomodo

384 2054 517 2123 potesta
533 2059 641 2123 equare
663 2054 692 2101 te
714 2039 824 2102 michi?
845 2040 928 2124 quasi
949 2039 1044 2101 dicat:
1060 2040 1089 2101 in
1105 2038 1234 2123 nychilo.
1249 2074 1269 2085 -
1283 2038 1337 2101 Nil
1346 2058 1355 2099 .·
1372 2026 1538 2122 Respondet
1552 2042 1671 2103 Articus

385 2154 415 2202 et
446 2137 536 2201 dicit:
567 2138 658 2200 nichil
686 2154 730 2201 est
751 2138 855 2221 equale
877 2140 920 2201 tui
941 2153 971 2200 et
998 2140 1067 2221 mej.
1089 2153 1121 2201 tu
1149 2139 1221 2201 dicis
1251 2138 1323 2201 bene
1344 2159 1448 2201 verum
1476 2141 1545 2222 quia
1572 2141 1670 2201 omnia

386 2237 525 2300 deserunt
541 2239 654 2300 rictum
668 2253 698 2300 et
712 2253 852 2300 secuntur
868 2239 1009 2300 rictorem
1029 2238 1275 2322 predestinatione
1289 2239 1446 2321 iudicandj.
1461 2259 1515 2300 nos
1537 2242 1671 2301 venimus

387 2338 417 2399 in
438 2335 592 2399 arbitrium
615 2337 703 2398 liuius
726 2336 776 2400 fati
800 2359 859 2399 mm
882 2353 981 2400 nostra
1004 2337 1166 2413 uoluntate,
1187 2338 1237 2400 sed
1265 2355 1297 2400 tu
1318 2340 1400 2422 cogis
1429 2354 1458 2401 et
1486 2356 1517 2402 tu
1547 2360 1578 2401 es
1605 2359 1673 2402 con·

387 2449 498 2498 temtor
518 2437 629 2498 iustitie
652 2451 680 2498 et
702 2439 779 2521 equi,
801 2451 830 2499 te
850 2457 940 2521 quem
961 2436 1078 2499 iortuna
1101 2437 1168 2500 lacit
1189 2458 1253 2500 esse
1274 2459 1377 2501 cecum
1392 2454 1422 2501 et
1436 2438 1604 2521 superbum.
1620 2458 1673 2501 cur

372 2534 525 2596 ¹numeras
547 2556 626 2598 saurae
649 2538 722 2597 tua?
750 2556 804 2599 cur
831 2538 957 2599 inaniter
984 2536 1079 2600 volsis
1106 2536 1240 2599 ocellos?
1267 2553 1340 2620 quot
1368 2539 1497 2601 tumidos
1525 2553 1557 2600 tu
1586 2538 1672 2621 fingis

387 2635 500 2695 amicos
523 2650 664 2696 venturos
686 2635 737 2697 tibi
760 2635 889 2720 undique
911 2652 1030 2721 propter
1058 2652 1140 2699 tuam
1169 2636 1296 2699 laniant?
1324 2636 1372 2699 illa
1399 2638 1471 2699 hora
1501 2640 1598 2701 reniet
1619 2637 1671 2701 tibi

380 2731 424 2795 ‘ad
445 2731 589 2795 auxilium
611 2754 669 2817 qua
691 2756 796 2818 agnus,
819 2756 941 2798 moseos
963 2736 1052 2798 sede
1073 2738 1196 2813 oriente,
1225 2734 1380 2821 peditando
1409 2739 1507 2800 veniet
1534 2737 1570 2799 ad
1598 2740 1673 2800 occi·

387 2829 508 2893 dentem
530 2833 558 2893 in
589 2854 646 2895 una
667 2834 715 2895 die
737 2836 806 2896 iussi
827 2836 924 2897 satirici.
948 2836 1017 2898 ldeo
1038 2836 1127 2898 dicit:
1143 2857 1237 2919 agnus
1251 2851 1351 2918 pastus
1367 2838 1500 2918 gramine
1521 2858 1673 2914 caucason,

387 2930 463 2993 idest
478 2931 624 3007 orientali,
640 2931 719 2995 bibet
734 2932 847 2995 iberum
862 2934 974 2996 flumen
988 2934 1171 2997 occidentale
1192 2950 1221 2997 et
1242 2933 1299 2998 hoc
1320 2933 1374 2996 sub
1397 2955 1456 2997 ιιιιο
1477 2936 1534 2998 die.
1555 2971 1575 2983 -
1596 2938 1674 2998 Her:

388 3028 551 3091 c'omcludit
573 3024 699 3093 roluci'r‘
715 3046 744 3093 et
764 3032 854 3094 dicit:
878 3033 925 3096 ille
946 3035 1056 3096 articus
1078 3035 1136 3096 iam
1163 3033 1314 3117 frangebat
1342 3055 1431 3111 mare,
1460 3050 1489 3097 et
1518 3056 1575 3119 pan
1603 3034 1674 3098 ¹iecit

387 3130 487 3192 omnia
510 3131 675 3192 munimina
696 3151 748 3193 sua
770 3147 799 3193 et
820 3132 925 3195 clausit
946 3135 1046 3195 onmia
1067 3133 1194 3195 claustra
1223 3154 1291 3195 cum
1319 3136 1408 3195 armis
1436 3150 1464 3196 et
1492 3135 1673 3199 circundedit

388 3227 495 3312 palatia
511 3230 604 3291 fluvio
619 3232 781 3313 parisiensi.
804 3230 852 3292 ille
872 3235 982 3295 articus
1004 3234 1063 3295 iam
1084 3235 1256 3295 transierat:
1272 3235 1370 3295 statim
1393 3232 1506 3296 subitus
1528 3234 1673 3298 tumultus

389 3330 531 3404 exoritur,
553 3348 610 3411 ego
632 3331 717 3392 timui
740 3345 769 3392 et
790 3331 908 3393 discessi
932 3331 969 3392 ab
991 3334 1139 3415 equitania
1161 3348 1190 3393 et
1219 3330 1322 3415 reliqui
1353 3352 1451 3416 regem
1480 3332 1588 3395 francie
1616 3349 1674 3396 tur·

389 3425 492 3490 batum
519 3426 692 3511 fugientem,
721 3445 750 3490 et
779 3450 835 3513 ego
864 3433 984 3492 veniens
1014 3447 1091 3493 retro
1119 3431 1187 3493 flexi
1216 3429 1319 3493 oculos
1345 3447 1375 3493 et
1403 3432 1461 3495 ridi
1492 3454 1566 3517 pana
1598 3433 1673 3495 trahi
1716 3441 1718 3446 '

388 3540 559 3590 catenatum
585 3543 614 3589 et
637 3530 749 3590 rictum
771 3531 854 3612 gravi
875 3544 978 3592 catena
1000 3545 1029 3591 et
1051 3530 1126 3592 trahi
1156 3530 1231 3593 ultra
1260 3533 1367 3605 naaria3
1392 3530 1477 3594 illum
1505 3533 1572 3595 dico
1600 3553 1674 3615 pana

389 3624 543 3688 tollentem
559 3649 618 3689 non
635 3627 762 3705 brachia,
777 3631 845 3712 quia
861 3650 920 3691 non
935 3645 1061 3713 poterat,
1076 3630 1126 3691 sed
1145 3629 1249 3693 oculos
1269 3631 1413 3692 undantes
1435 3629 1562 3694 lacrimis
1584 3633 1674 3694 tristis

389 3725 472 3789 faciei
495 3742 524 3788 et
546 3727 631 3789 illum
652 3728 719 3790 dico
741 3728 942 3792 ellundentem
957 3729 1029 3792 tales
1044 3746 1183 3815 questus:
1206 3751 1224 3791 o
1245 3730 1283 3811 dij
1307 3730 1438 3793 ridentes
1460 3731 1527 3807 lroc,
1549 3731 1674 3815 reique

389 3824 493 3887 umbra
515 3827 674 3889 interuenit
694 3849 751 3912 que
774 3850 831 3891 non
853 3831 1001 3912 permictit
1024 3851 1076 3890 sos
1092 3829 1190 3891 sidere
1205 3826 1360 3891 mortalia?
1381 3865 1400 3876 -
1422 3845 1450 3891 et
1472 3830 1585 3892 subdit:
1602 3830 1675 3893 bene

387 3925 455 3986 dico
475 3925 556 4008 quod
577 3928 607 3987 in
630 3928 687 3988 isto
710 3928 819 3989 retundo
842 3948 900 3989 non
923 3943 968 3990 est
989 3929 1043 3989 nisi
1066 3927 1182 3990 fortuna
1204 3943 1233 3988 et
1254 3926 1428 3990 costellatio.
1450 3964 1469 3975 -
1491 3930 1526 3995 l:
1547 3928 1675 4013 loquitur

388 4023 562 4086 multivolus
585 4041 613 4086 et
634 4025 721 4087 dicit:
745 4026 817 4087 rade
837 4042 867 4088 et
888 4047 965 4108 poue
987 4048 1069 4111 spem
1091 4027 1121 4088 in
1142 4027 1277 4089 secundis
1300 4025 1395 4089 rebus.
1418 4049 1498 4092 aues
1520 4028 1574 4112 ().

523 4270 679 4331 l³mscrscr
701 4290 850 4333 r‘E'l'urtRcE
874 4291 1021 4333 raumara
1044 4276 1140 4333 ιὀιτι
1158 4272 1164 4351 1
1183 4291 1365 4335 nuccotrcusr
1387 4291 1504 4336 cannes
1527 4293 1674 4336 exstrcrr.

474 4604 506 4653 (r)
522 4601 686 4644 ,Vell'rdr'zr’onr
699 4602 735 4642 slei
747 4608 868 4643 cornamento
882 4602 909 4643 uli
921 4604 989 4646 lituo.
1004 4605 1034 4645 dn
1051 4604 1122 4646 linoln
1132 4603 1176 4645 alle
1185 4603 1276 4657 (giuthe
1292 4605 1382 4649 tlt-,tvl
1389 4606 1419 4647 ka
1427 4605 1505 4648 thiaso
1514 4609 1553 4646 tra
1559 4606 1677 4658 parentur

385 4673 471 4726 premite
485 4674 575 4714 ieram·
586 4673 626 4715 cie
640 4687 749 4714 uaaancnno
764 4674 801 4713 nel
812 4681 866 4716 reso
880 4676 917 4717 del
930 4691 970 4717 ms.
986 4676 1143 4723 laurentiano,
1158 4690 1195 4716 ma
1214 4678 1236 4717 ai
1251 4678 1346 4730 leggono
1365 4678 1423 4719 nella
1443 4682 1497 4720 nem
1516 4677 1614 4720 edium
1630 4676 1675 4719 dr!-

386 4745 538 4799 Μονίμη.
554 4748 638 4789 Ενιυω
653 4746 767 4788 messaara*
778 4747 825 4788 allo
839 4752 898 4789 retro
913 4749 1101 4802 interpretaione
1114 4749 1151 4790 der
1162 4755 1224 4793 atsto.
