4125 5217
406 393 471 457 228
912 406 1063 455 nmouto
1085 407 1193 455 avana

408 542 679 555 Μ

408 675 470 735 sive
485 673 538 735 ista
550 671 681 743 dornina,
692 689 788 751 qumn⁴
797 668 900 730 dilexit
915 681 1057 750 petrarca.
1070 681 1100 729 ct
1113 667 1199 729 dicit:
1215 670 1349 750 quamvis
1361 668 1418 731 hoc
1429 671 1465 732 sit
1478 670 1567 733 midai
1579 670 1697 746 durum,

410 790 508 835 tarrren
523 786 668 855 quantum
683 768 769 831 dolor
784 768 940 851 permictct
961 766 1063 842 michi,
1078 787 1136 850 ego
1156 766 1254 829 dicam
1268 782 1412 850 quantum
1428 786 1541 851 potero.
1553 784 1582 831 et
1596 770 1698 852 incipit

410 894 426 935 a
448 870 592 955 principio
613 870 659 931 sui
680 868 790 930 amoris
813 883 842 930 et
862 866 1015 951 quomodo
1038 881 1067 929 et
1094 865 1214 951 quando
1235 865 1337 929 dilexit
1365 868 1452 928 istam
1481 866 1648 941 laurettarn,
1669 882 1697 931 et

410 970 548 1034 describit
569 967 670 1030 locum
693 966 743 1028 ubi
765 982 869 1049 captus
890 981 935 1028 est
957 986 1059 1028 artiore
1080 963 1190 1028 lauree.
1214 979 1242 1027 et
1264 981 1307 1027 est
1337 965 1419 1029 locus
1441 969 1561 1043 Asinio,
1582 983 1611 1030 et
1633 969 1698 1031 ideo

410 1070 482 1133 dicit
501 1070 537 1132 de
558 1070 696 1131 avinione
725 1066 799 1128 silva
821 1066 889 1139 alta,
911 1066 980 1147 quia
1009 1080 1053 1127 est
1086 1063 1220 1128 edificata
1243 1066 1273 1126 in
1294 1064 1355 1127 alto
1380 1064 1457 1140 loco,
1479 1086 1513 1128 ea
1539 1082 1621 1149 parte
1641 1087 1698 1148 qua

411 1169 461 1233 illa
482 1170 586 1251 Sorgia
607 1166 716 1230 lluvius
738 1166 910 1249 perspicuus
932 1180 961 1227 et
988 1163 1086 1227 clarus
1114 1180 1143 1227 ct
1167 1166 1280 1226 ruentia
1307 1164 1436 1249 pallens,
1448 1186 1501 1228 seu
1523 1164 1579 1227 ille·
1593 1165 1700 1227 lluvius

411 1272 462 1354 qui
483 1266 647 1353 appellatur
666 1265 813 1337 durentia,
834 1266 884 1347 qui
906 1262 995 1327 habet
1016 1284 1124 1347 aquam
1147 1262 1296 1347 pallidam,
1317 1265 1367 1347 qni
1395 1263 1455 1326 duo
1481 1263 1562 1327 fluvii
1591 1266 1701 1328 intrant

412 1383 543 1431 marcet
565 1383 635 1429 sunt
663 1363 791 1428 multum
820 1364 935 1426 diversa
964 1362 1087 1425 llumina
1116 1384 1209 1425 unum
1230 1361 1267 1424 ab
1288 1361 1361 1440 alio,
1383 1379 1412 1426 et
1433 1362 1499 1425 ideo
1524 1364 1650 1427 miscent
1669 1384 1702 1427 se

413 1479 506 1531 unum
527 1487 597 1530 cum
618 1465 722 1528 altero.
744 1480 773 1526 et
799 1464 865 1525 ideo
892 1462 965 1525 dicit
985 1478 1119 1545 petrarca
1143 1482 1201 1533 rus,
1224 1462 1298 1525 idest
1320 1465 1465 1546 possessio
1487 1483 1626 1546 paupera,
1647 1462 1702 1527 init

413 1566 514 1641 michi,
535 1564 579 1626 hic
599 1564 675 1626 idest
696 1563 732 1625 ad
753 1583 843 1646 quem
865 1561 966 1624 locum
989 1562 1103 1623 ineram
1124 1576 1339 1645 transportatus
1360 1584 1376 1622 a
1399 1560 1491 1624 fluvio
1511 1563 1701 1625 arno....dum

413 1686 470 1747 ego
491 1663 601 1727 intendi
623 1663 701 1728 circa
723 1664 810 1723 istam
833 1663 1049 1745 possessionem
1072 1676 1102 1723 et
1124 1676 1279 1745 paupertas
1305 1675 1348 1724 est
1369 1677 1470 1724 secuta
1492 1682 1592 1724 tracum
1613 1683 1702 1746 opus3

413 1783 449 1825 es
470 1762 528 1824 hoc
543 1782 600 1846 ego
614 1759 655 1823 lui
678 1774 778 1822 motus
800 1759 836 1821 ad
850 1759 1112 1843 derelinquendam
1128 1761 1245 1843 penitus
1259 1760 1409 1822 civitatem
1425 1775 1454 1821 et
1469 1773 1546 1821 stare
1560 1760 1590 1821 in
1611 1758 1702 1835 siluis,

414 1861 464 1925 uhi
484 1862 578 1923 oritur
598 1860 698 1942 sorgia
720 1875 750 1921 et
770 1859 840 1921 dare
861 1878 909 1920 me
935 1859 1065 1920 studio...
1092 1873 1122 1921 et
1150 1857 1207 1921 hoc
1229 1879 1286 1943 ego
1311 1856 1366 1921 leci
1394 1859 1462 1942 quia
1485 1878 1533 1921 me
1554 1875 1702 1943 pertesum

413 1960 467 2024 luit
490 1959 598 2022 laboris
619 1974 650 2022 ct
670 1957 781 2041 studij3
803 1957 855 2029 sed
877 1956 976 2019 laurus
998 1955 1187 2041 pulcerrima,
1205 1958 1279 2020 idest
1300 1959 1355 2020 ista
1376 1957 1551 2040 pulcerrima
1573 1957 1703 2033 domina,

412 2075 545 2123 creverat
565 2057 605 2120 ad
637 2060 730 2141 ripam
753 2056 865 2138 rodanj,
887 2076 945 2140 que
966 2072 1028 2118 erat
1051 2055 1263 2118 formosissima
1295 2058 1371 2118 inter
1397 2078 1466 2119 saxa
1494 2071 1524 2120 ct
1551 2070 1648 2142 petras
1674 2072 1704 2120 et

412 2179 537 2243 quercus
551 2178 609 2242 que
623 2172 693 2219 sunt
715 2153 817 2216 rodurn
840 2155 955 2227 miton,
976 2155 1035 2217 hoc
1051 2170 1095 2217 cst
1111 2156 1187 2217 inter
1200 2154 1345 2238 prelatos;
1367 2177 1424 2239 ego
1440 2158 1537 2239 rapior
1551 2156 1588 2218 ab
1602 2175 1705 2219 amore

413 2272 443 2319 et
464 2271 544 2319 totus
564 2274 725 2318 com-error
745 2256 774 2315 in
797 2253 852 2316 hac
873 2253 1011 2316 laureata.
1023 2268 1052 2316 et
1074 2253 1132 2317 hoc
1154 2267 1222 2336 post
1243 2274 1332 2338 quam
1353 2253 1447 2317 dulcis
1469 2255 1572 2317 umbra
1594 2256 1703 2317 amoris

414 2354 492 2418 illius
512 2356 613 2439 attigit
635 2375 683 2416 me
705 2353 807 2430 semel,
829 2374 894 2416 mea
923 2352 1081 2415 delectatio
1106 2356 1225 2415 recessit
1246 2354 1276 2414 in
1304 2368 1410 2416 totum.
1432 2374 1516 2416 amor
1537 2375 1620 2417 meus
1641 2370 1704 2418 erat

416 2455 540 2516 rusticus
562 2453 653 2515 michi
676 2474 736 2513 non
757 2468 901 2514 consueto
922 2472 1033 2526 anmrc,
1047 2453 1116 2536 quia
1138 2472 1224 2514 arnor
1243 2451 1362 2514 iubebat
1384 2474 1441 2528 me,
1456 2451 1582 2516 oblitum
1603 2454 1704 2516 omnia

415 2551 543 2613 hunrana
559 2567 589 2613 et
602 2550 713 2612 oblitus
736 2551 805 2624 naci,
821 2551 966 2612 recordari
988 2550 1066 2613 hanc
1088 2549 1182 2612 solam
1205 2551 1380 2627 laurettam;
1402 2572 1473 2635 ergo
1494 2568 1704 2615 ornamentum

415 2652 472 2713 mei
495 2651 591 2734 campi
613 2648 729 2733 reliqui,
751 2665 780 2711 et
802 2648 947 2732 cupiditas
973 2649 1047 2712 lucri
1070 2649 1124 2712 luit
1145 2649 1294 2725 derelicta,
1316 2671 1373 2733 que
1394 2652 1548 2735 precipitat
1568 2651 1704 2715 homines

416 2752 445 2811 in
466 2771 557 2812 aratra.
580 2771 636 2832 pas
658 2750 749 2810 ariirni
772 2764 816 2810 cst
838 2750 981 2832 acquisita
1012 2773 1028 2811 a
1051 2770 1111 2825 me,
1133 2766 1162 2811 et
1193 2770 1263 2812 cure
1283 2752 1411 2811 civitatis
1439 2766 1508 2812 sunt
1528 2750 1704 2814 derelictea

416 2871 475 2926 me,
496 2865 524 2912 et
545 2850 602 2913 hoc
625 2849 679 2912 leci
702 2851 771 2934 quia
794 2852 894 2931 putavi
916 2849 969 2912 has
990 2850 1067 2913 solas
1090 2871 1154 2912 esse
1175 2849 1289 2913 delitias
1309 2851 1422 2912 advitas
1443 2866 1473 2912 et
1495 2872 1594 2935 regna.

498 2948 618 3011 laureo:
637 2970 725 3032 ...ego
747 2962 863 3010 tantum
886 2951 984 3031 curavj
1008 2950 1044 3011 de
1066 2952 1127 3033 ipsa
1149 2950 1230 3034 quod
1245 2970 1312 3033 ego,
1327 2952 1402 3011 iusta
1416 2972 1503 3033 posse
1518 2972 1629 3028 rneum,
1643 2972 1705 3035 per·

415 3064 582 3131 scruptatus
602 3069 669 3109 sum
692 3068 796 3109 omnes
818 3063 920 3130 poetas
943 3049 1056 3130 mundi,
1073 3064 1105 3110 ut
1126 3070 1184 3132 ego
1200 3049 1274 3111 bene
1295 3051 1399 3112 scirem
1415 3065 1536 3133 poctare
1550 3066 1589 3127 et,
1603 3072 1704 3135 quam·

415 3147 460 3207 vis
481 3167 539 3229 ego
560 3167 654 3208 essem
676 3149 706 3208 in
730 3146 797 3208 loco
819 3148 893 3228 tristj
918 3162 947 3208 et
978 3149 1055 3210 inter
1086 3150 1289 3231 ingnorantes,
1311 3149 1382 3211 nihil
1405 3150 1543 3212 hominus
1564 3171 1623 3235 ego
1645 3171 1704 3212 non

416 3243 457 3308 lui
480 3260 610 3307 remotus
631 3268 647 3307 a
670 3247 814 3329 principio
831 3266 929 3306 raico...
945 3266 1001 3329 ego
1016 3247 1114 3329 primo
1130 3249 1224 3329 recepi
1247 3268 1374 3311 ssroouu
1389 3262 1507 3331 poetam
1522 3251 1583 3333 qui,
1598 3252 1704 3334 primo,

418 3346 554 3406 tractavit
575 3344 611 3405 de
632 3343 715 3406 cultu
742 3360 886 3405 terrarum
909 3360 938 3406 et
960 3344 1095 3427 virgilius
1123 3346 1272 3421 imitatur;
1296 3362 1325 3408 et
1346 3367 1402 3431 ego
1424 3348 1561 3410 tenebam
1582 3348 1704 3412 consilia

417 3443 507 3505 esiodi
530 3443 567 3504 dc
586 3458 681 3504 astrea
704 3442 811 3518 insula,
833 3457 933 3504 tamen
956 3443 1036 3505 volui
1068 3446 1153 3528 sequi
1174 3444 1256 3506 alios.
1288 3446 1338 3507 sed
1360 3446 1458 3509 nullus
1480 3449 1622 3531 magister
1642 3463 1705 3512 erat

417 3541 507 3603 michi
530 3543 583 3603 nisi
606 3539 747 3603 naturalis
768 3562 854 3603 amor
875 3540 992 3603 videndi
1015 3559 1128 3625 poetas,
1150 3558 1180 3605 ct
1201 3564 1258 3627 ego
1280 3542 1407 3607 breviter
1427 3548 1493 3608 veni
1522 3548 1552 3609 in
1580 3546 1704 3610 siciliam

417 3640 482 3721 (sic)
495 3661 565 3702 cum
586 3639 800 3723 speculatione,
816 3656 845 3703 ct
861 3642 1004 3724 perviam
1022 3657 1132 3703 rectam
1149 3629 1205 3725 ego
1223 3644 1314 3726 reperi
1336 3643 1486 3728 virgilium
1502 3665 1536 3708 ea
1550 3662 1633 3730 parte
1647 3668 1705 3731 qua

418 3738 518 3823 pulcer
532 3740 654 3801 rnimius
669 3739 706 3802 de
720 3739 824 3824 pulcro
840 3740 905 3802 lacu
923 3741 1033 3803 benaco
1056 3740 1189 3803 interluit
1211 3741 1314 3804 molles
1329 3764 1459 3827 campos.
1475 3766 1532 3829 ego
1548 3748 1704 3829 respiciens

417 3840 447 3901 iu
469 3839 525 3901 isto
547 3839 614 3901 loco
628 3840 706 3922 apud
729 3839 758 3901 id
774 3840 885 3901 llnmen
901 3840 959 3900 vidi
976 3860 1069 3901 utrum
1092 3856 1251 3924 pastorem,
1263 3862 1314 3903 seu
1330 3862 1490 3920 vincamus,
1502 3860 1647 3929 quantum
1668 3847 1703 3908 ad

418 3938 567 4019 georgica,
589 3938 746 4001 Buccolica
769 3954 798 4000 ct
822 3938 951 4023 Eneyda.
974 3939 1033 4000 vidi
1055 3941 1152 4023 ipsum
1174 3955 1301 4001 stantem
1323 3942 1353 4002 in
1375 3940 1438 4023 alijs
1459 3942 1598 4026 hedifitijs
1619 3965 1705 4007 vene·

418 4049 527 4111 torum,
542 4056 594 4097 seu
609 4053 852 4114 mantuanorum,
867 4039 937 4121 quia
951 4038 1023 4100 olim
1046 4053 1179 4114 mantua,
1193 4037 1312 4100 ferraria
1334 4054 1363 4101 et
1378 4039 1472 4102 multe
1492 4042 1550 4103 alie
1570 4045 1704 4107 civitates

417 4133 596 4196 vocabantar
617 4130 768 4197 venetica,
783 4152 812 4197 et
834 4135 969 4219 virgilius
991 4139 1071 4199 misit
1093 4157 1141 4198 me
1157 4137 1255 4199 videre
1269 4159 1426 4221 grecorum
1447 4153 1538 4201 terras
1553 4155 1582 4203 et
1603 4144 1705 4219 asiam,

418 4249 446 4297 et
468 4254 524 4317 ego
546 4235 594 4294 vix
617 4236 680 4315 cepi
704 4235 840 4296 incedere
861 4251 890 4297 et
913 4237 961 4295 vix
984 4256 1177 4318 perveneram
1199 4235 1271 4297 illud
1292 4236 1402 4300 flumen
1420 4236 1545 4300 athesim
1568 4260 1600 4302 ea
1624 4257 1705 4323 parte

417 4354 474 4418 qua
496 4332 605 4394 athesis
626 4333 734 4395 deserit
756 4350 853 4416 partes
875 4336 1009 4397 tridentis
1043 4336 1153 4397 montis
1174 4334 1253 4396 unde
1283 4337 1378 4399 oritur
1398 4352 1427 4399 et
1448 4358 1505 4421 qua
1530 4355 1613 4421 parte
1643 4343 1705 4423 ipse

417 4430 532 4516 lugiens
553 4431 743 4514 amplectitur
764 4433 839 4494 latos
861 4455 949 4516 agros
972 4455 1098 4510 verone;
1121 4450 1160 4510 et,
1181 4434 1251 4495 dum
1274 4437 1456 4518 pervenirem
1479 4458 1630 4514 veronam,
1648 4459 1705 4522 ego

418 4533 516 4593 imeni
538 4551 678 4594 carcium
701 4547 729 4593 et
751 4553 871 4595 srscnt'n
894 4550 1028 4615 poetam;
1045 4536 1113 4618 qnia
1137 4554 1323 4608 veronenses,
1338 4533 1419 4596 ibant
1440 4558 1492 4619 per
1512 4552 1594 4619 prata
1614 4538 1704 4599 vivida

418 4633 514 4714 campi
537 4631 632 4712 martii
657 4634 837 4692 veronensis.
860 4632 919 4704 hic,
941 4655 992 4694 seu
1014 4633 1142 4709 catulus,
1163 4635 1262 4708 canit;
1284 4634 1342 4708 hic,
1364 4656 1415 4696 sen
1437 4656 1546 4710 atracer,
1568 4653 1597 4699 et
1618 4637 1705 4700 docet

418 4730 526 4792 salutes
548 4728 707 4792 herbarum
729 4746 757 4792 et
780 4730 827 4792 hic
851 4752 950 4794 rararccr
972 4733 1099 4817 applicat
1120 4736 1190 4796 istas
1212 4730 1316 4795 herbas
1337 4733 1451 4797 homini
1473 4735 1601 4798 infirmo.
