<?xml version="1.0" encoding="UTF-8"?>
<!DOCTYPE html PUBLIC "-//W3C//DTD XHTML 1.0 Transitional//EN"
    "http://www.w3.org/TR/xhtml1/DTD/xhtml1-transitional.dtd">
<html xmlns="http://www.w3.org/1999/xhtml" xml:lang="en" lang="en">
 <head>
  <title>
</title>
<meta http-equiv="Content-Type" content="text/html;charset=utf-8" />
  <meta name='ocr-system' content='tesseract 3.04.00' />
  <meta name='ocr-capabilities' content='ocr_page ocr_carea ocr_par ocr_line ocrx_word'/>
</head>
<body>
  <div class='ocr_page' id='page_1' title='image "./ilbucolicumcarm00avengoog_0283.png"; bbox 0 0 4125 5217; ppageno 0'>
   <div class='ocr_carea' id='block_1_1' title="bbox 877 388 1715 464">
    <p class='ocr_par' dir='ltr' id='par_1_1' title="bbox 877 388 1715 464">
     <span class='ocr_line' id='line_1_1' title="bbox 877 388 1715 464; baseline 0.006 -27"><span class='ocrx_word' id='word_1_1' title='bbox 877 388 909 437; x_wconf 87' lang='lat' dir='ltr'>u</span> <span class='ocrx_word' id='word_1_2' title='bbox 931 388 1118 439; x_wconf 78' lang='lat' dir='ltr'>nurnercorr</span> <span class='ocrx_word' id='word_1_3' title='bbox 1140 390 1272 439; x_wconf 77' lang='lat' dir='ltr'>crtum</span> <span class='ocrx_word' id='word_1_4' title='bbox 1651 390 1715 464; x_wconf 75' lang='lat'>273</span> 
     </span>
    </p>
   </div>
   <div class='ocr_carea' id='block_1_2' title="bbox 433 650 1729 2225">
    <p class='ocr_par' dir='ltr' id='par_1_2' title="bbox 433 650 1721 934">
     <span class='ocr_line' id='line_1_2' title="bbox 513 650 1720 740; baseline 0.002 -26"><span class='ocrx_word' id='word_1_5' title='bbox 513 652 569 715; x_wconf 84' lang='lat' dir='ltr'>llic</span> <span class='ocrx_word' id='word_1_6' title='bbox 590 651 688 735; x_wconf 81' lang='lat' dir='ltr'>Mytio</span> <span class='ocrx_word' id='word_1_7' title='bbox 707 665 808 735; x_wconf 83' lang='lat' dir='ltr'>pastor</span> <span class='ocrx_word' id='word_1_8' title='bbox 827 650 959 736; x_wconf 89' lang='lat' dir='ltr'>loquitur</span> <span class='ocrx_word' id='word_1_9' title='bbox 979 652 1056 715; x_wconf 91' lang='lat' dir='ltr'>intra</span> <span class='ocrx_word' id='word_1_10' title='bbox 1076 672 1119 729; x_wconf 80' lang='lat' dir='ltr'>se,</span> <span class='ocrx_word' id='word_1_11' title='bbox 1139 666 1169 715; x_wconf 88' lang='lat' dir='ltr'>ct</span> <span class='ocrx_word' id='word_1_12' title='bbox 1190 651 1470 736; x_wconf 84' lang='lat' dir='ltr'>preaupponertdum</span> <span class='ocrx_word' id='word_1_13' title='bbox 1490 667 1536 716; x_wconf 82' lang='lat' dir='ltr'>ert</span> <span class='ocrx_word' id='word_1_14' title='bbox 1556 654 1638 739; x_wconf 88' lang='lat' dir='ltr'>quod</span> <span class='ocrx_word' id='word_1_15' title='bbox 1657 655 1720 740; x_wconf 80' lang='lat' dir='ltr'>ipse</span> 
     </span>
     <span class='ocr_line' id='line_1_3' title="bbox 434 749 1721 837; baseline 0.003 -24"><span class='ocrx_word' id='word_1_16' title='bbox 434 749 539 813; x_wconf 81' lang='lat' dir='ltr'>viderit</span> <span class='ocrx_word' id='word_1_17' title='bbox 558 763 589 813; x_wconf 84' lang='lat' dir='ltr'>et</span> <span class='ocrx_word' id='word_1_18' title='bbox 609 751 640 813; x_wconf 93' lang='lat' dir='ltr'>in</span> <span class='ocrx_word' id='word_1_19' title='bbox 660 764 775 835; x_wconf 87' lang='lat' dir='ltr'>partem</span> <span class='ocrx_word' id='word_1_20' title='bbox 793 749 920 814; x_wconf 88' lang='lat' dir='ltr'>audierit</span> <span class='ocrx_word' id='word_1_21' title='bbox 941 750 1140 837; x_wconf 80' lang='lat' dir='ltr'>Pamphylum</span> <span class='ocrx_word' id='word_1_22' title='bbox 1160 753 1236 815; x_wconf 90' lang='lat' dir='ltr'>intra</span> <span class='ocrx_word' id='word_1_23' title='bbox 1263 773 1296 816; x_wconf 86' lang='lat' dir='ltr'>sc</span> <span class='ocrx_word' id='word_1_24' title='bbox 1317 767 1561 836; x_wconf 77' lang='lat' dir='ltr'>conquerentem.</span> <span class='ocrx_word' id='word_1_25' title='bbox 1580 788 1593 803; x_wconf 92' lang='lat'><strong>·</strong></span> <span class='ocrx_word' id='word_1_26' title='bbox 1612 752 1721 818; x_wconf 76' lang='lat' dir='ltr'>abere:</span> 
     </span>
     <span class='ocr_line' id='line_1_4' title="bbox 433 848 1045 934; baseline -0.003 -19"><span class='ocrx_word' id='word_1_27' title='bbox 433 848 512 915; x_wconf 90' lang='lat' dir='ltr'>bona</span> <span class='ocrx_word' id='word_1_28' title='bbox 531 848 725 915; x_wconf 87' lang='lat' dir='ltr'>ecclesiarum</span> <span class='ocrx_word' id='word_1_29' title='bbox 744 870 863 934; x_wconf 86' lang='lat' dir='ltr'>semper</span> <span class='ocrx_word' id='word_1_30' title='bbox 882 850 1045 915; x_wconf 87' lang='lat' dir='ltr'>abundent.</span> 
     </span>
    </p>

    <p class='ocr_par' dir='ltr' id='par_1_3' title="bbox 435 949 1724 1435">
     <span class='ocr_line' id='line_1_5' title="bbox 515 949 1721 1037; baseline 0.002 -22"><span class='ocrx_word' id='word_1_31' title='bbox 515 969 635 1015; x_wconf 72' lang='lat' dir='ltr'>murra:</span> <span class='ocrx_word' id='word_1_32' title='bbox 654 949 767 1015; x_wconf 71' lang='lat' dir='ltr'>unctus</span> <span class='ocrx_word' id='word_1_33' title='bbox 794 949 951 1015; x_wconf 88' lang='lat' dir='ltr'>bonomm.</span> <span class='ocrx_word' id='word_1_34' title='bbox 977 986 990 1000; x_wconf 91' lang='lat'><strong>·</strong></span> <span class='ocrx_word' id='word_1_35' title='bbox 1014 970 1111 1037; x_wconf 75' lang='lat' dir='ltr'>grex:</span> <span class='ocrx_word' id='word_1_36' title='bbox 1137 950 1265 1036; x_wconf 86' lang='lat' dir='ltr'>populus</span> <span class='ocrx_word' id='word_1_37' title='bbox 1291 952 1480 1016; x_wconf 83' lang='lat' dir='ltr'>christianus.</span> <span class='ocrx_word' id='word_1_38' title='bbox 1507 988 1529 1001; x_wconf 94' lang='lat'><strong>·</strong></span> <span class='ocrx_word' id='word_1_39' title='bbox 1554 952 1664 1017; x_wconf 72' lang='lat' dir='ltr'>bertr.-</span> <span class='ocrx_word' id='word_1_40' title='bbox 1689 954 1721 1017; x_wconf 93' lang='lat' dir='ltr'>in</span> 
     </span>
     <span class='ocr_line' id='line_1_6' title="bbox 435 1040 1723 1141; baseline 0.002 -28"><span class='ocrx_word' id='word_1_41' title='bbox 435 1048 528 1113; x_wconf 83' lang='lat' dir='ltr'>verbo</span> <span class='ocrx_word' id='word_1_42' title='bbox 546 1048 592 1134; x_wconf 74' lang='lat' dir='ltr'>dei</span> <span class='ocrx_word' id='word_1_43' title='bbox 614 1048 763 1141; x_wconf 67' lang='lat' dir='ltr'>etiructu</span> <span class='ocrx_word' id='word_1_44' title='bbox 784 1040 931 1113; x_wconf 88' lang='lat' dir='ltr'>bonordm</span> <span class='ocrx_word' id='word_1_45' title='bbox 956 1070 1082 1134; x_wconf 89' lang='lat' dir='ltr'>operum</span> <span class='ocrx_word' id='word_1_46' title='bbox 1110 1066 1140 1113; x_wconf 84' lang='lat' dir='ltr'>ct</span> <span class='ocrx_word' id='word_1_47' title='bbox 1160 1049 1320 1134; x_wconf 82' lang='lat' dir='ltr'>exemplari</span> <span class='ocrx_word' id='word_1_48' title='bbox 1349 1051 1420 1114; x_wconf 83' lang='lat' dir='ltr'>vita.</span> <span class='ocrx_word' id='word_1_49' title='bbox 1439 1086 1452 1100; x_wconf 94' lang='lat'><strong>·</strong></span> <span class='ocrx_word' id='word_1_50' title='bbox 1470 1069 1552 1113; x_wconf 81' lang='lat' dir='ltr'>sares:</span> <span class='ocrx_word' id='word_1_51' title='bbox 1573 1050 1670 1135; x_wconf 81' lang='lat' dir='ltr'>gulosi</span> <span class='ocrx_word' id='word_1_52' title='bbox 1691 1066 1723 1115; x_wconf 87' lang='lat' dir='ltr'>et</span> 
     </span>
     <span class='ocr_line' id='line_1_7' title="bbox 435 1148 1718 1234; baseline 0.001 -20"><span class='ocrx_word' id='word_1_53' title='bbox 435 1148 570 1215; x_wconf 87' lang='lat' dir='ltr'>scelerati</span> <span class='ocrx_word' id='word_1_54' title='bbox 590 1149 736 1213; x_wconf 82' lang='lat' dir='ltr'>homines.</span> <span class='ocrx_word' id='word_1_55' title='bbox 758 1184 779 1198; x_wconf 89' lang='lat'><strong>·</strong></span> <span class='ocrx_word' id='word_1_56' title='bbox 804 1167 912 1234; x_wconf 82' lang='lat' dir='ltr'>agros:</span> <span class='ocrx_word' id='word_1_57' title='bbox 931 1151 1099 1213; x_wconf 84' lang='lat' dir='ltr'>sanctuaria</span> <span class='ocrx_word' id='word_1_58' title='bbox 1119 1149 1311 1213; x_wconf 80' lang='lat' dir='ltr'>ecclesiamm</span> <span class='ocrx_word' id='word_1_59' title='bbox 1332 1151 1364 1213; x_wconf 91' lang='lat' dir='ltr'>in</span> <span class='ocrx_word' id='word_1_60' title='bbox 1391 1148 1520 1233; x_wconf 73' lang='lat' dir='ltr'>lasciviis</span> <span class='ocrx_word' id='word_1_61' title='bbox 1545 1151 1718 1234; x_wconf 84' lang='lat' dir='ltr'>disperdunt</span> 
     </span>
     <span class='ocr_line' id='line_1_8' title="bbox 436 1247 1724 1334; baseline 0 -21"><span class='ocrx_word' id='word_1_62' title='bbox 436 1262 468 1313; x_wconf 82' lang='lat' dir='ltr'>ct</span> <span class='ocrx_word' id='word_1_63' title='bbox 486 1263 677 1313; x_wconf 82' lang='lat' dir='ltr'>consumunt</span> <span class='ocrx_word' id='word_1_64' title='bbox 697 1284 719 1297; x_wconf 93' lang='lat'><strong>·</strong></span> <span class='ocrx_word' id='word_1_65' title='bbox 737 1248 889 1334; x_wconf 76' lang='lat' dir='ltr'>virgulto.-</span> <span class='ocrx_word' id='word_1_66' title='bbox 909 1250 978 1334; x_wconf 91' lang='lat' dir='ltr'>quia</span> <span class='ocrx_word' id='word_1_67' title='bbox 999 1269 1060 1311; x_wconf 88' lang='lat' dir='ltr'>non</span> <span class='ocrx_word' id='word_1_68' title='bbox 1080 1251 1181 1312; x_wconf 86' lang='lat' dir='ltr'>sinunt</span> <span class='ocrx_word' id='word_1_69' title='bbox 1202 1251 1344 1312; x_wconf 85' lang='lat' dir='ltr'>maturari</span> <span class='ocrx_word' id='word_1_70' title='bbox 1365 1249 1440 1313; x_wconf 79' lang='lat' dir='ltr'>titio</span> <span class='ocrx_word' id='word_1_71' title='bbox 1460 1247 1541 1333; x_wconf 85' lang='lat' dir='ltr'>gule.</span> <span class='ocrx_word' id='word_1_72' title='bbox 1561 1283 1582 1297; x_wconf 91' lang='lat'><strong>·</strong></span> <span class='ocrx_word' id='word_1_73' title='bbox 1602 1256 1724 1313; x_wconf 69' lang='lat' dir='ltr'>mute.-</span> 
     </span>
     <span class='ocr_line' id='line_1_9' title="bbox 438 1346 754 1435; baseline -0.003 -23"><span class='ocrx_word' id='word_1_74' title='bbox 438 1363 574 1435; x_wconf 87' lang='lat' dir='ltr'>potenter</span> <span class='ocrx_word' id='word_1_75' title='bbox 594 1362 626 1413; x_wconf 81' lang='lat' dir='ltr'>ct</span> <span class='ocrx_word' id='word_1_76' title='bbox 645 1346 754 1413; x_wconf 82' lang='lat' dir='ltr'>celum</span> 
     </span>
    </p>

    <p class='ocr_par' dir='ltr' id='par_1_4' title="bbox 437 1447 1727 1912">
     <span class='ocr_line' id='line_1_10' title="bbox 519 1447 1724 1535; baseline 0.001 -23"><span class='ocrx_word' id='word_1_77' title='bbox 519 1449 737 1535; x_wconf 80' lang='lat' dir='ltr'>Nrpru‘cprrarrr:</span> <span class='ocrx_word' id='word_1_78' title='bbox 758 1449 841 1525; x_wconf 89' lang='lat' dir='ltr'>Quia</span> <span class='ocrx_word' id='word_1_79' title='bbox 869 1448 911 1512; x_wconf 93' lang='lat' dir='ltr'>nil</span> <span class='ocrx_word' id='word_1_80' title='bbox 932 1448 985 1512; x_wconf 91' lang='lat' dir='ltr'>tibi</span> <span class='ocrx_word' id='word_1_81' title='bbox 1012 1448 1165 1533; x_wconf 76' lang='lat' dir='ltr'>prodesset</span> <span class='ocrx_word' id='word_1_82' title='bbox 1191 1450 1335 1512; x_wconf 76' lang='lat' dir='ltr'>autoritas</span> <span class='ocrx_word' id='word_1_83' title='bbox 1363 1448 1518 1533; x_wconf 83' lang='lat' dir='ltr'>pastoralis</span> <span class='ocrx_word' id='word_1_84' title='bbox 1537 1447 1640 1533; x_wconf 79' lang='lat' dir='ltr'>officii,</span> <span class='ocrx_word' id='word_1_85' title='bbox 1669 1470 1724 1513; x_wconf 86' lang='lat' dir='ltr'>nec</span> 
     </span>
     <span class='ocr_line' id='line_1_11' title="bbox 437 1546 1726 1633; baseline 0 -22"><span class='ocrx_word' id='word_1_86' title='bbox 437 1549 579 1613; x_wconf 73' lang='lat' dir='ltr'>merlus</span> <span class='ocrx_word' id='word_1_87' title='bbox 598 1549 630 1613; x_wconf 89' lang='lat' dir='ltr'>in</span> <span class='ocrx_word' id='word_1_88' title='bbox 650 1547 735 1612; x_wconf 82' lang='lat' dir='ltr'>vulto</span> <span class='ocrx_word' id='word_1_89' title='bbox 753 1548 792 1611; x_wconf 90' lang='lat' dir='ltr'>ad</span> <span class='ocrx_word' id='word_1_90' title='bbox 811 1547 1002 1611; x_wconf 87' lang='lat' dir='ltr'>disturbauda</span> <span class='ocrx_word' id='word_1_91' title='bbox 1023 1547 1101 1611; x_wconf 87' lang='lat' dir='ltr'>mala</span> <span class='ocrx_word' id='word_1_92' title='bbox 1121 1569 1180 1633; x_wconf 90' lang='lat' dir='ltr'>que</span> <span class='ocrx_word' id='word_1_93' title='bbox 1202 1567 1282 1611; x_wconf 88' lang='lat' dir='ltr'>nunc</span> <span class='ocrx_word' id='word_1_94' title='bbox 1303 1548 1425 1611; x_wconf 87' lang='lat' dir='ltr'>suntin</span> <span class='ocrx_word' id='word_1_95' title='bbox 1452 1546 1600 1611; x_wconf 90' lang='lat' dir='ltr'>bonorum</span> <span class='ocrx_word' id='word_1_96' title='bbox 1621 1551 1726 1633; x_wconf 88' lang='lat' dir='ltr'>perni-</span> 
     </span>
     <span class='ocr_line' id='line_1_12' title="bbox 440 1646 1727 1734; baseline 0.001 -24"><span class='ocrx_word' id='word_1_97' title='bbox 440 1648 523 1727; x_wconf 86' lang='lat' dir='ltr'>tiem,</span> <span class='ocrx_word' id='word_1_98' title='bbox 544 1656 722 1733; x_wconf 78' lang='lat' dir='ltr'>nec‘posser</span> <span class='ocrx_word' id='word_1_99' title='bbox 741 1661 853 1712; x_wconf 87' lang='lat' dir='ltr'>statum</span> <span class='ocrx_word' id='word_1_100' title='bbox 873 1647 997 1712; x_wconf 59' lang='lat' dir='ltr'>&amp;eleale</span> <span class='ocrx_word' id='word_1_101' title='bbox 1017 1649 1229 1733; x_wconf 78' lang='lat' dir='ltr'>erig&#39;c&#39;re&#39;si&#39;cut</span> <span class='ocrx_word' id='word_1_102' title='bbox 1249 1655 1385 1732; x_wconf 71' lang='lat' dir='ltr'>tempore</span> <span class='ocrx_word' id='word_1_103' title='bbox 1404 1656 1459 1712; x_wconf 81' lang='lat' dir='ltr'>tuo</span> <span class='ocrx_word' id='word_1_104' title='bbox 1472 1646 1647 1713; x_wconf 57' lang='lat' dir='ltr'>tndem-³</span> <span class='ocrx_word' id='word_1_105' title='bbox 1664 1669 1727 1734; x_wconf 76' lang='lat' dir='ltr'>grr·</span> 
     </span>
     <span class='ocr_line' id='line_1_13' title="bbox 438 1745 1727 1833; baseline -0.001 -20"><span class='ocrx_word' id='word_1_106' title='bbox 438 1746 523 1833; x_wconf 74' lang='lat' dir='ltr'>gibus</span> <span class='ocrx_word' id='word_1_107' title='bbox 541 1745 639 1815; x_wconf 72' lang='lat' dir='ltr'>abts:</span> <span class='ocrx_word' id='word_1_108' title='bbox 657 1746 775 1833; x_wconf 76' lang='lat' dir='ltr'>populis</span> <span class='ocrx_word' id='word_1_109' title='bbox 796 1746 890 1812; x_wconf 88' lang='lat' dir='ltr'>bonis.</span> <span class='ocrx_word' id='word_1_110' title='bbox 911 1783 932 1797; x_wconf 89' lang='lat'><strong>·</strong></span> <span class='ocrx_word' id='word_1_111' title='bbox 951 1747 1072 1811; x_wconf 68' lang='lat' dir='ltr'>rudo.-</span> <span class='ocrx_word' id='word_1_112' title='bbox 1098 1747 1279 1832; x_wconf 85' lang='lat' dir='ltr'>pastorali.·</span> <span class='ocrx_word' id='word_1_113' title='bbox 1305 1746 1453 1812; x_wconf 79' lang='lat' dir='ltr'>rrrorbr‘drrs</span> <span class='ocrx_word' id='word_1_114' title='bbox 1477 1756 1597 1815; x_wconf 76' lang='lat' dir='ltr'>auster:</span> <span class='ocrx_word' id='word_1_115' title='bbox 1619 1764 1727 1812; x_wconf 76' lang='lat' dir='ltr'>tenuta</span> 
     </span>
     <span class='ocr_line' id='line_1_14' title="bbox 440 1846 1286 1912; baseline 0.002 -2"><span class='ocrx_word' id='word_1_116' title='bbox 440 1846 640 1911; x_wconf 80' lang='lat' dir='ltr'>meridionalis</span> <span class='ocrx_word' id='word_1_117' title='bbox 659 1849 692 1912; x_wconf 93' lang='lat' dir='ltr'>in</span> <span class='ocrx_word' id='word_1_118' title='bbox 711 1864 845 1912; x_wconf 77' lang='lat' dir='ltr'>autumo</span> <span class='ocrx_word' id='word_1_119' title='bbox 865 1847 918 1911; x_wconf 89' lang='lat' dir='ltr'>flat</span> <span class='ocrx_word' id='word_1_120' title='bbox 937 1863 969 1912; x_wconf 86' lang='lat' dir='ltr'>et</span> <span class='ocrx_word' id='word_1_121' title='bbox 989 1863 1079 1912; x_wconf 84' lang='lat' dir='ltr'>nocet</span> <span class='ocrx_word' id='word_1_122' title='bbox 1099 1846 1286 1912; x_wconf 67' lang='lat' dir='ltr'>animalibus</span> 
     </span>
    </p>

    <p class='ocr_par' dir='ltr' id='par_1_5' title="bbox 441 1946 1729 2225">
     <span class='ocr_line' id='line_1_15' title="bbox 524 1946 1728 2033; baseline -0.001 -21"><span class='ocrx_word' id='word_1_123' title='bbox 524 1949 674 2012; x_wconf 75' lang='lat' dir='ltr'>mareis:</span> <span class='ocrx_word' id='word_1_124' title='bbox 692 1948 849 2033; x_wconf 84' lang='lat' dir='ltr'>repolturis</span> <span class='ocrx_word' id='word_1_125' title='bbox 867 1948 1075 2012; x_wconf 80' lang='lat' dir='ltr'>subterraneis.</span> <span class='ocrx_word' id='word_1_126' title='bbox 1090 1984 1110 1997; x_wconf 92' lang='lat'><em>-</em></span> <span class='ocrx_word' id='word_1_127' title='bbox 1123 1947 1263 2014; x_wconf 81' lang='lat' dir='ltr'>morello:</span> <span class='ocrx_word' id='word_1_128' title='bbox 1275 1947 1352 2011; x_wconf 87' lang='lat' dir='ltr'>idest</span> <span class='ocrx_word' id='word_1_129' title='bbox 1364 1950 1396 2011; x_wconf 92' lang='lat' dir='ltr'>in</span> <span class='ocrx_word' id='word_1_130' title='bbox 1415 1946 1469 2011; x_wconf 90' lang='lat' dir='ltr'>illo</span> <span class='ocrx_word' id='word_1_131' title='bbox 1485 1947 1565 2027; x_wconf 86' lang='lat' dir='ltr'>loco,</span> <span class='ocrx_word' id='word_1_132' title='bbox 1577 1948 1629 2011; x_wconf 86' lang='lat' dir='ltr'>ubi</span> <span class='ocrx_word' id='word_1_133' title='bbox 1649 1968 1728 2011; x_wconf 89' lang='lat' dir='ltr'>nunc</span> 
     </span>
     <span class='ocr_line' id='line_1_16' title="bbox 441 2045 1729 2133; baseline -0.001 -22"><span class='ocrx_word' id='word_1_134' title='bbox 441 2061 487 2111; x_wconf 84' lang='lat' dir='ltr'>ert</span> <span class='ocrx_word' id='word_1_135' title='bbox 506 2045 631 2111; x_wconf 86' lang='lat' dir='ltr'>ecclesia</span> <span class='ocrx_word' id='word_1_136' title='bbox 656 2048 751 2111; x_wconf 80' lang='lat' dir='ltr'>sancti</span> <span class='ocrx_word' id='word_1_137' title='bbox 772 2048 835 2111; x_wconf 75' lang='lat' dir='ltr'>viri</span> <span class='ocrx_word' id='word_1_138' title='bbox 862 2048 893 2110; x_wconf 91' lang='lat' dir='ltr'>in</span> <span class='ocrx_word' id='word_1_139' title='bbox 913 2046 1054 2126; x_wconf 81' lang='lat' dir='ltr'>Macedo,</span> <span class='ocrx_word' id='word_1_140' title='bbox 1082 2050 1227 2110; x_wconf 90' lang='lat' dir='ltr'>immensa</span> <span class='ocrx_word' id='word_1_141' title='bbox 1247 2048 1399 2133; x_wconf 85' lang='lat' dir='ltr'>quantitas</span> <span class='ocrx_word' id='word_1_142' title='bbox 1425 2047 1584 2111; x_wconf 88' lang='lat' dir='ltr'>bominum</span> <span class='ocrx_word' id='word_1_143' title='bbox 1610 2045 1651 2111; x_wconf 90' lang='lat' dir='ltr'>ibi</span> <span class='ocrx_word' id='word_1_144' title='bbox 1670 2047 1729 2110; x_wconf 86' lang='lat' dir='ltr'>de-</span> 
     </span>
     <span class='ocr_line' id='line_1_17' title="bbox 441 2145 1729 2225; baseline -0.002 -14"><span class='ocrx_word' id='word_1_145' title='bbox 441 2145 550 2211; x_wconf 83' lang='lat' dir='ltr'>collata</span> <span class='ocrx_word' id='word_1_146' title='bbox 569 2146 627 2211; x_wconf 81' lang='lat' dir='ltr'>fuit</span> <span class='ocrx_word' id='word_1_147' title='bbox 644 2146 688 2210; x_wconf 90' lang='lat' dir='ltr'>ob</span> <span class='ocrx_word' id='word_1_148' title='bbox 706 2148 790 2212; x_wconf 89' lang='lat' dir='ltr'>cristi</span> <span class='ocrx_word' id='word_1_149' title='bbox 811 2146 919 2225; x_wconf 64' lang='lat' dir='ltr'>fidettu</span> <span class='ocrx_word' id='word_1_150' title='bbox 937 2162 968 2225; x_wconf 78' lang='lat' dir='ltr'>et</span> <span class='ocrx_word' id='word_1_151' title='bbox 988 2148 1057 2211; x_wconf 87' lang='lat' dir='ltr'>inde</span> <span class='ocrx_word' id='word_1_152' title='bbox 1077 2147 1187 2211; x_wconf 88' lang='lat' dir='ltr'>dicitur</span> <span class='ocrx_word' id='word_1_153' title='bbox 1206 2147 1290 2211; x_wconf 83' lang='lat' dir='ltr'>locus</span> <span class='ocrx_word' id='word_1_154' title='bbox 1304 2146 1449 2211; x_wconf 81' lang='lat' dir='ltr'>Macellus</span> <span class='ocrx_word' id='word_1_155' title='bbox 1470 2167 1488 2209; x_wconf 97' lang='lat' dir='ltr'>a</span> <span class='ocrx_word' id='word_1_156' title='bbox 1507 2146 1581 2211; x_wconf 86' lang='lat' dir='ltr'>cede</span> <span class='ocrx_word' id='word_1_157' title='bbox 1599 2160 1647 2209; x_wconf 90' lang='lat' dir='ltr'>tot</span> <span class='ocrx_word' id='word_1_158' title='bbox 1666 2147 1729 2209; x_wconf 89' lang='lat' dir='ltr'>mi·</span> 
     </span>
    </p>
   </div>
   <div class='ocr_carea' id='block_1_3' title="bbox 309 2244 1030 2338">
    <p class='ocr_par' dir='ltr' id='par_1_6' title="bbox 309 2244 1030 2338">
     <span class='ocr_line' id='line_1_18' title="bbox 309 2244 1030 2338; baseline -0.001 -27"><span class='ocrx_word' id='word_1_159' title='bbox 309 2326 315 2338; x_wconf 20' lang='grc' dir='ltr'><em>ῃ</em></span> <span class='ocrx_word' id='word_1_160' title='bbox 441 2245 518 2311; x_wconf 85' lang='lat' dir='ltr'>lium</span> <span class='ocrx_word' id='word_1_161' title='bbox 535 2244 694 2311; x_wconf 86' lang='lat' dir='ltr'>hominurn</span> <span class='ocrx_word' id='word_1_162' title='bbox 714 2246 947 2331; x_wconf 87' lang='lat' dir='ltr'>decapitatomm</span> <span class='ocrx_word' id='word_1_163' title='bbox 968 2246 1030 2331; x_wconf 91' lang='lat' dir='ltr'>(t).</span> 
     </span>
    </p>
   </div>
   <div class='ocr_carea' id='block_1_4' title="bbox 392 2345 1737 3531">
    <p class='ocr_par' dir='ltr' id='par_1_7' title="bbox 392 2345 1733 3032">
     <span class='ocr_line' id='line_1_19' title="bbox 523 2345 1730 2434; baseline 0 -24"><span class='ocrx_word' id='word_1_164' title='bbox 523 2345 646 2410; x_wconf 79' lang='lat' dir='ltr'>urrbrrr:</span> <span class='ocrx_word' id='word_1_165' title='bbox 665 2348 735 2434; x_wconf 85' lang='lat' dir='ltr'>quia</span> <span class='ocrx_word' id='word_1_166' title='bbox 754 2347 786 2409; x_wconf 92' lang='lat' dir='ltr'>in</span> <span class='ocrx_word' id='word_1_167' title='bbox 804 2347 873 2411; x_wconf 89' lang='lat' dir='ltr'>ocio</span> <span class='ocrx_word' id='word_1_168' title='bbox 892 2368 997 2410; x_wconf 89' lang='lat' dir='ltr'>secum</span> <span class='ocrx_word' id='word_1_169' title='bbox 1017 2367 1125 2410; x_wconf 90' lang='lat' dir='ltr'>maneo</span> <span class='ocrx_word' id='word_1_170' title='bbox 1144 2347 1250 2431; x_wconf 86' lang='lat' dir='ltr'>plenus</span> <span class='ocrx_word' id='word_1_171' title='bbox 1270 2346 1381 2431; x_wconf 76' lang='lat' dir='ltr'>divitiis</span> <span class='ocrx_word' id='word_1_172' title='bbox 1395 2360 1427 2409; x_wconf 85' lang='lat' dir='ltr'>et</span> <span class='ocrx_word' id='word_1_173' title='bbox 1442 2347 1527 2410; x_wconf 90' lang='lat' dir='ltr'>omni</span> <span class='ocrx_word' id='word_1_174' title='bbox 1546 2345 1730 2411; x_wconf 77' lang='lat' dir='ltr'>excellentia</span> 
     </span>
     <span class='ocr_line' id='line_1_20' title="bbox 442 2443 1731 2533; baseline 0 -23"><span class='ocrx_word' id='word_1_175' title='bbox 442 2482 464 2495; x_wconf 95' lang='lat'>-</span> <span class='ocrx_word' id='word_1_176' title='bbox 483 2467 541 2510; x_wconf 85' lang='lat' dir='ltr'>rrrrr</span> <span class='ocrx_word' id='word_1_177' title='bbox 558 2443 671 2532; x_wconf 77' lang='lat' dir='ltr'>glorie:</span> <span class='ocrx_word' id='word_1_178' title='bbox 689 2447 760 2533; x_wconf 89' lang='lat' dir='ltr'>quia</span> <span class='ocrx_word' id='word_1_179' title='bbox 779 2466 839 2509; x_wconf 91' lang='lat' dir='ltr'>non</span> <span class='ocrx_word' id='word_1_180' title='bbox 859 2447 938 2510; x_wconf 91' lang='lat' dir='ltr'>imus</span> <span class='ocrx_word' id='word_1_181' title='bbox 959 2467 1012 2532; x_wconf 87' lang='lat' dir='ltr'>per</span> <span class='ocrx_word' id='word_1_182' title='bbox 1038 2446 1158 2531; x_wconf 81' lang='lat' dir='ltr'>frigora,</span> <span class='ocrx_word' id='word_1_183' title='bbox 1179 2449 1262 2511; x_wconf 84' lang='lat' dir='ltr'>nives</span> <span class='ocrx_word' id='word_1_184' title='bbox 1283 2462 1314 2511; x_wconf 88' lang='lat' dir='ltr'>ct</span> <span class='ocrx_word' id='word_1_185' title='bbox 1334 2445 1449 2510; x_wconf 86' lang='lat' dir='ltr'>calores</span> <span class='ocrx_word' id='word_1_186' title='bbox 1470 2446 1677 2524; x_wconf 69' lang='lat' dir='ltr'>mordicando,</span> <span class='ocrx_word' id='word_1_187' title='bbox 1697 2462 1731 2510; x_wconf 91' lang='lat' dir='ltr'>ut</span> 
     </span>
     <span class='ocr_line' id='line_1_21' title="bbox 444 2544 1730 2633; baseline -0.001 -23"><span class='ocrx_word' id='word_1_188' title='bbox 444 2561 478 2610; x_wconf 90' lang='lat' dir='ltr'>tu</span> <span class='ocrx_word' id='word_1_189' title='bbox 498 2545 597 2631; x_wconf 74' lang='lat' dir='ltr'>etalii</span> <span class='ocrx_word' id='word_1_190' title='bbox 618 2548 663 2610; x_wconf 87' lang='lat' dir='ltr'>tui</span> <span class='ocrx_word' id='word_1_191' title='bbox 684 2563 818 2632; x_wconf 81' lang='lat' dir='ltr'>egenum.</span> <span class='ocrx_word' id='word_1_192' title='bbox 838 2581 859 2595; x_wconf 91' lang='lat'>-</span> <span class='ocrx_word' id='word_1_193' title='bbox 879 2546 948 2613; x_wconf 85' lang='lat' dir='ltr'>edi:</span> <span class='ocrx_word' id='word_1_194' title='bbox 969 2546 1141 2610; x_wconf 74' lang='lat' dir='ltr'>cardinales</span> <span class='ocrx_word' id='word_1_195' title='bbox 1168 2547 1271 2610; x_wconf 79' lang='lat' dir='ltr'>lascivi</span> <span class='ocrx_word' id='word_1_196' title='bbox 1297 2549 1350 2633; x_wconf 90' lang='lat' dir='ltr'>qui</span> <span class='ocrx_word' id='word_1_197' title='bbox 1370 2545 1554 2611; x_wconf 76' lang='lat' dir='ltr'>lasciviendo</span> <span class='ocrx_word' id='word_1_198' title='bbox 1573 2544 1681 2610; x_wconf 89' lang='lat' dir='ltr'>ludunt</span> <span class='ocrx_word' id='word_1_199' title='bbox 1699 2546 1730 2609; x_wconf 92' lang='lat' dir='ltr'>in</span> 
     </span>
     <span class='ocr_line' id='line_1_22' title="bbox 445 2645 1733 2732; baseline -0.002 -21"><span class='ocrx_word' id='word_1_200' title='bbox 445 2645 520 2711; x_wconf 72' lang='lat' dir='ltr'>locis</span> <span class='ocrx_word' id='word_1_201' title='bbox 540 2667 645 2711; x_wconf 87' lang='lat' dir='ltr'>eorum</span> <span class='ocrx_word' id='word_1_202' title='bbox 664 2645 772 2732; x_wconf 88' lang='lat' dir='ltr'>amplis</span> <span class='ocrx_word' id='word_1_203' title='bbox 798 2660 829 2710; x_wconf 88' lang='lat' dir='ltr'>et</span> <span class='ocrx_word' id='word_1_204' title='bbox 855 2645 1088 2711; x_wconf 77' lang='lat' dir='ltr'>delectabilibus.</span> <span class='ocrx_word' id='word_1_205' title='bbox 1109 2646 1229 2711; x_wconf 80' lang='lat' dir='ltr'>lascivia</span> <span class='ocrx_word' id='word_1_206' title='bbox 1257 2668 1294 2710; x_wconf 82' lang='lat' dir='ltr'>ex</span> <span class='ocrx_word' id='word_1_207' title='bbox 1320 2648 1390 2711; x_wconf 87' lang='lat' dir='ltr'>ocio</span> <span class='ocrx_word' id='word_1_208' title='bbox 1417 2648 1556 2732; x_wconf 77' lang='lat' dir='ltr'>provenit</span> <span class='ocrx_word' id='word_1_209' title='bbox 1574 2663 1605 2711; x_wconf 87' lang='lat' dir='ltr'>et</span> <span class='ocrx_word' id='word_1_210' title='bbox 1625 2667 1662 2709; x_wconf 81' lang='lat' dir='ltr'>ex</span> <span class='ocrx_word' id='word_1_211' title='bbox 1680 2645 1733 2709; x_wconf 89' lang='lat' dir='ltr'>di-</span> 
     </span>
     <span class='ocr_line' id='line_1_23' title="bbox 392 2746 1733 2834; baseline -0.001 -24"><span class='ocrx_word' id='word_1_212' title='bbox 392 2749 404 2769; x_wconf 77' lang='lat'><strong>·</strong></span> <span class='ocrx_word' id='word_1_213' title='bbox 445 2748 524 2832; x_wconf 80' lang='lat' dir='ltr'>vitijs</span> <span class='ocrx_word' id='word_1_214' title='bbox 543 2748 614 2833; x_wconf 86' lang='lat' dir='ltr'>quia</span> <span class='ocrx_word' id='word_1_215' title='bbox 633 2748 682 2811; x_wconf 89' lang='lat' dir='ltr'>isti</span> <span class='ocrx_word' id='word_1_216' title='bbox 702 2746 865 2811; x_wconf 74' lang='lat' dir='ltr'>cardinales</span> <span class='ocrx_word' id='word_1_217' title='bbox 884 2747 926 2810; x_wconf 90' lang='lat' dir='ltr'>ita</span> <span class='ocrx_word' id='word_1_218' title='bbox 946 2763 1016 2811; x_wconf 89' lang='lat' dir='ltr'>sunt</span> <span class='ocrx_word' id='word_1_219' title='bbox 1037 2747 1147 2832; x_wconf 84' lang='lat' dir='ltr'>diritijs</span> <span class='ocrx_word' id='word_1_220' title='bbox 1161 2764 1192 2810; x_wconf 88' lang='lat' dir='ltr'>ct</span> <span class='ocrx_word' id='word_1_221' title='bbox 1204 2746 1451 2812; x_wconf 84' lang='lat' dir='ltr'>delectationibus</span> <span class='ocrx_word' id='word_1_222' title='bbox 1465 2747 1544 2831; x_wconf 87' lang='lat' dir='ltr'>pleni</span> <span class='ocrx_word' id='word_1_223' title='bbox 1564 2746 1645 2834; x_wconf 89' lang='lat' dir='ltr'>quod</span> <span class='ocrx_word' id='word_1_224' title='bbox 1663 2749 1733 2810; x_wconf 89' lang='lat' dir='ltr'>ocio</span> 
     </span>
     <span class='ocr_line' id='line_1_24' title="bbox 445 2845 1733 2931; baseline -0.002 -19"><span class='ocrx_word' id='word_1_225' title='bbox 445 2861 580 2912; x_wconf 84' lang='lat' dir='ltr'>marcent</span> <span class='ocrx_word' id='word_1_226' title='bbox 599 2861 630 2910; x_wconf 87' lang='lat' dir='ltr'>et</span> <span class='ocrx_word' id='word_1_227' title='bbox 656 2847 687 2910; x_wconf 94' lang='lat' dir='ltr'>in</span> <span class='ocrx_word' id='word_1_228' title='bbox 714 2845 842 2931; x_wconf 78' lang='lat' dir='ltr'>laseirije</span> <span class='ocrx_word' id='word_1_229' title='bbox 868 2867 902 2911; x_wconf 88' lang='lat' dir='ltr'>se</span> <span class='ocrx_word' id='word_1_230' title='bbox 927 2847 1160 2926; x_wconf 85' lang='lat' dir='ltr'>commaculant,</span> <span class='ocrx_word' id='word_1_231' title='bbox 1185 2849 1264 2912; x_wconf 87' lang='lat' dir='ltr'>sicut</span> <span class='ocrx_word' id='word_1_232' title='bbox 1289 2868 1358 2911; x_wconf 79' lang='lat' dir='ltr'>sues</span> <span class='ocrx_word' id='word_1_233' title='bbox 1385 2863 1486 2911; x_wconf 86' lang='lat' dir='ltr'>sature</span> <span class='ocrx_word' id='word_1_234' title='bbox 1511 2869 1544 2912; x_wconf 83' lang='lat' dir='ltr'>se</span> <span class='ocrx_word' id='word_1_235' title='bbox 1566 2867 1643 2912; x_wconf 89' lang='lat' dir='ltr'>ceno</span> <span class='ocrx_word' id='word_1_236' title='bbox 1662 2846 1733 2910; x_wconf 82' lang='lat' dir='ltr'>rol·</span> 
     </span>
     <span class='ocr_line' id='line_1_25' title="bbox 444 2946 607 3032; baseline -0.006 -21"><span class='ocrx_word' id='word_1_237' title='bbox 444 2961 522 3011; x_wconf 87' lang='lat' dir='ltr'>rnnt</span> <span class='ocrx_word' id='word_1_238' title='bbox 541 2946 607 3032; x_wconf 87' lang='lat' dir='ltr'>(a).</span> 
     </span>
    </p>

    <p class='ocr_par' dir='ltr' id='par_1_8' title="bbox 446 3046 1737 3531">
     <span class='ocr_line' id='line_1_26' title="bbox 526 3046 1735 3133; baseline -0.002 -22"><span class='ocrx_word' id='word_1_239' title='bbox 526 3047 617 3132; x_wconf 76' lang='lat' dir='ltr'>Ergo,</span> <span class='ocrx_word' id='word_1_240' title='bbox 636 3046 768 3132; x_wconf 74' lang='lat' dir='ltr'>irripere:</span> <span class='ocrx_word' id='word_1_241' title='bbox 788 3046 957 3131; x_wconf 85' lang='lat' dir='ltr'>Respondet</span> <span class='ocrx_word' id='word_1_242' title='bbox 977 3047 1160 3133; x_wconf 79' lang='lat' dir='ltr'>Pamphylos</span> <span class='ocrx_word' id='word_1_243' title='bbox 1185 3047 1303 3111; x_wconf 84' lang='lat' dir='ltr'>Mitioni</span> <span class='ocrx_word' id='word_1_244' title='bbox 1325 3047 1511 3111; x_wconf 86' lang='lat' dir='ltr'>inflammato</span> <span class='ocrx_word' id='word_1_245' title='bbox 1531 3048 1633 3109; x_wconf 90' lang='lat' dir='ltr'>animo</span> <span class='ocrx_word' id='word_1_246' title='bbox 1652 3046 1735 3109; x_wconf 91' lang='lat' dir='ltr'>indi-</span> 
     </span>
     <span class='ocr_line' id='line_1_27' title="bbox 446 3145 1734 3232; baseline 0 -23"><span class='ocrx_word' id='word_1_247' title='bbox 446 3160 550 3232; x_wconf 78' lang='lat' dir='ltr'>gnato,</span> <span class='ocrx_word' id='word_1_248' title='bbox 570 3146 687 3210; x_wconf 85' lang='lat' dir='ltr'>dicens:</span> <span class='ocrx_word' id='word_1_249' title='bbox 709 3166 782 3231; x_wconf 83' lang='lat' dir='ltr'>ergo</span> <span class='ocrx_word' id='word_1_250' title='bbox 802 3161 846 3224; x_wconf 86' lang='lat' dir='ltr'>tu,</span> <span class='ocrx_word' id='word_1_251' title='bbox 863 3146 983 3226; x_wconf 79' lang='lat' dir='ltr'>lascire,</span> <span class='ocrx_word' id='word_1_252' title='bbox 1003 3168 1159 3232; x_wconf 80' lang='lat' dir='ltr'>comparas</span> <span class='ocrx_word' id='word_1_253' title='bbox 1179 3168 1284 3211; x_wconf 88' lang='lat' dir='ltr'>aurum</span> <span class='ocrx_word' id='word_1_254' title='bbox 1306 3161 1394 3211; x_wconf 90' lang='lat' dir='ltr'>tuum</span> <span class='ocrx_word' id='word_1_255' title='bbox 1414 3168 1483 3211; x_wconf 90' lang='lat' dir='ltr'>curn</span> <span class='ocrx_word' id='word_1_256' title='bbox 1505 3148 1614 3210; x_wconf 85' lang='lat' dir='ltr'>nostris</span> <span class='ocrx_word' id='word_1_257' title='bbox 1633 3145 1734 3209; x_wconf 87' lang='lat' dir='ltr'>tribu-</span> 
     </span>
     <span class='ocr_line' id='line_1_28' title="bbox 448 3243 1735 3331; baseline -0.002 -22"><span class='ocrx_word' id='word_1_258' title='bbox 448 3244 608 3309; x_wconf 84' lang='lat' dir='ltr'>lationibus</span> <span class='ocrx_word' id='word_1_259' title='bbox 634 3259 665 3309; x_wconf 84' lang='lat' dir='ltr'>et</span> <span class='ocrx_word' id='word_1_260' title='bbox 691 3246 851 3329; x_wconf 80' lang='lat' dir='ltr'>martirijs?</span> <span class='ocrx_word' id='word_1_261' title='bbox 878 3262 935 3311; x_wconf 86' lang='lat' dir='ltr'>etc.</span> <span class='ocrx_word' id='word_1_262' title='bbox 962 3281 983 3295; x_wconf 90' lang='lat'>-</span> <span class='ocrx_word' id='word_1_263' title='bbox 1010 3246 1123 3312; x_wconf 73' lang='lat' dir='ltr'>Rebus:</span> <span class='ocrx_word' id='word_1_264' title='bbox 1148 3267 1233 3325; x_wconf 89' lang='lat' dir='ltr'>auro,</span> <span class='ocrx_word' id='word_1_265' title='bbox 1254 3248 1383 3331; x_wconf 82' lang='lat' dir='ltr'>gemmis</span> <span class='ocrx_word' id='word_1_266' title='bbox 1406 3261 1539 3329; x_wconf 75' lang='lat' dir='ltr'>gravata</span> <span class='ocrx_word' id='word_1_267' title='bbox 1558 3280 1580 3294; x_wconf 93' lang='lat'>-</span> <span class='ocrx_word' id='word_1_268' title='bbox 1600 3243 1735 3307; x_wconf 73' lang='lat' dir='ltr'>balitus.-</span> 
     </span>
     <span class='ocr_line' id='line_1_29' title="bbox 448 3343 1735 3431; baseline -0.002 -22"><span class='ocrx_word' id='word_1_269' title='bbox 448 3366 582 3431; x_wconf 79' lang='lat' dir='ltr'>pompae.</span> <span class='ocrx_word' id='word_1_270' title='bbox 602 3381 624 3394; x_wconf 94' lang='lat'><strong>·</strong></span> <span class='ocrx_word' id='word_1_271' title='bbox 643 3344 754 3413; x_wconf 80' lang='lat' dir='ltr'>cubili:</span> <span class='ocrx_word' id='word_1_272' title='bbox 779 3347 811 3409; x_wconf 91' lang='lat' dir='ltr'>in</span> <span class='ocrx_word' id='word_1_273' title='bbox 837 3343 917 3410; x_wconf 89' lang='lat' dir='ltr'>lecto</span> <span class='ocrx_word' id='word_1_274' title='bbox 943 3346 1095 3410; x_wconf 80' lang='lat' dir='ltr'>deaurato.</span> <span class='ocrx_word' id='word_1_275' title='bbox 1122 3382 1144 3395; x_wconf 91' lang='lat'><strong>·</strong></span> <span class='ocrx_word' id='word_1_276' title='bbox 1168 3348 1253 3411; x_wconf 83' lang='lat' dir='ltr'>visa:</span> <span class='ocrx_word' id='word_1_277' title='bbox 1280 3348 1408 3410; x_wconf 90' lang='lat' dir='ltr'>somnia.</span> <span class='ocrx_word' id='word_1_278' title='bbox 1435 3366 1472 3408; x_wconf 82' lang='lat' dir='ltr'>ex</span> <span class='ocrx_word' id='word_1_279' title='bbox 1500 3346 1595 3408; x_wconf 88' lang='lat' dir='ltr'>nimio</span> <span class='ocrx_word' id='word_1_280' title='bbox 1614 3343 1684 3407; x_wconf 92' lang='lat' dir='ltr'>cibo</span> <span class='ocrx_word' id='word_1_281' title='bbox 1704 3361 1735 3407; x_wconf 84' lang='lat' dir='ltr'>ct</span> 
     </span>
     <span class='ocr_line' id='line_1_30' title="bbox 448 3444 1737 3531; baseline -0.001 -23"><span class='ocrx_word' id='word_1_282' title='bbox 448 3461 522 3530; x_wconf 89' lang='lat' dir='ltr'>potu</span> <span class='ocrx_word' id='word_1_283' title='bbox 554 3444 668 3530; x_wconf 86' lang='lat' dir='ltr'>repleti,</span> <span class='ocrx_word' id='word_1_284' title='bbox 698 3460 848 3509; x_wconf 83' lang='lat' dir='ltr'>stomacus</span> <span class='ocrx_word' id='word_1_285' title='bbox 874 3448 1023 3508; x_wconf 85' lang='lat' dir='ltr'>anxietate</span> <span class='ocrx_word' id='word_1_286' title='bbox 1053 3447 1169 3510; x_wconf 88' lang='lat' dir='ltr'>emictit</span> <span class='ocrx_word' id='word_1_287' title='bbox 1198 3467 1323 3531; x_wconf 87' lang='lat' dir='ltr'>vapores</span> <span class='ocrx_word' id='word_1_288' title='bbox 1353 3446 1391 3509; x_wconf 90' lang='lat' dir='ltr'>ad</span> <span class='ocrx_word' id='word_1_289' title='bbox 1422 3444 1577 3509; x_wconf 88' lang='lat' dir='ltr'>cerebrum</span> <span class='ocrx_word' id='word_1_290' title='bbox 1607 3459 1639 3508; x_wconf 85' lang='lat' dir='ltr'>et</span> <span class='ocrx_word' id='word_1_291' title='bbox 1667 3445 1737 3507; x_wconf 89' lang='lat' dir='ltr'>inde</span> 
     </span>
    </p>
   </div>
   <div class='ocr_carea' id='block_1_5' title="bbox 449 3908 1741 4621">
    <p class='ocr_par' dir='ltr' id='par_1_9' title="bbox 449 3908 1740 4344">
     <span class='ocr_line' id='line_1_31' title="bbox 521 3908 1738 3984; baseline 0.001 -20"><span class='ocrx_word' id='word_1_292' title='bbox 521 3913 562 3980; x_wconf 85' lang='lat' dir='ltr'>(t)</span> <span class='ocrx_word' id='word_1_293' title='bbox 579 3908 636 3984; x_wconf 85' lang='lat' dir='ltr'>[Cr]</span> <span class='ocrx_word' id='word_1_294' title='bbox 652 3913 768 3969; x_wconf 77' lang='lat' dir='ltr'>Nmar:</span> <span class='ocrx_word' id='word_1_295' title='bbox 783 3914 856 3966; x_wconf 80' lang='lat' dir='ltr'>Nero</span> <span class='ocrx_word' id='word_1_296' title='bbox 872 3912 1020 3982; x_wconf 79' lang='lat' dir='ltr'>imperator.</span> <span class='ocrx_word' id='word_1_297' title='bbox 1039 3942 1050 3953; x_wconf 92' lang='lat'><strong>·</strong></span> <span class='ocrx_word' id='word_1_298' title='bbox 1067 3916 1173 3966; x_wconf 73' lang='lat' dir='ltr'>urtice:</span> <span class='ocrx_word' id='word_1_299' title='bbox 1190 3912 1219 3965; x_wconf 90' lang='lat' dir='ltr'>in</span> <span class='ocrx_word' id='word_1_300' title='bbox 1237 3921 1325 3965; x_wconf 81' lang='lat' dir='ltr'>monte</span> <span class='ocrx_word' id='word_1_301' title='bbox 1341 3911 1466 3981; x_wconf 72' lang='lat' dir='ltr'>capitol&#39;j.</span> <span class='ocrx_word' id='word_1_302' title='bbox 1478 3942 1489 3954; x_wconf 90' lang='lat'><strong>·</strong></span> <span class='ocrx_word' id='word_1_303' title='bbox 1502 3920 1605 3967; x_wconf 77' lang='lat' dir='ltr'>taam:</span> <span class='ocrx_word' id='word_1_304' title='bbox 1619 3919 1738 3980; x_wconf 79' lang='lat' dir='ltr'>potenter</span> 
     </span>
     <span class='ocr_line' id='line_1_32' title="bbox 449 3987 1738 4072; baseline -0.001 -16"><span class='ocrx_word' id='word_1_305' title='bbox 449 4018 580 4056; x_wconf 73' lang='lat' dir='ltr'>mor.</span> <span class='ocrx_word' id='word_1_306' title='bbox 598 4031 609 4044; x_wconf 92' lang='lat'><strong>·</strong></span> <span class='ocrx_word' id='word_1_307' title='bbox 622 4011 720 4071; x_wconf 68' lang='lat' dir='ltr'>pecus:</span> <span class='ocrx_word' id='word_1_308' title='bbox 735 4020 826 4057; x_wconf 80' lang='lat' dir='ltr'>entner</span> <span class='ocrx_word' id='word_1_309' title='bbox 843 4003 988 4058; x_wconf 79' lang='lat' dir='ltr'>cristianos.</span> <span class='ocrx_word' id='word_1_310' title='bbox 999 4033 1010 4045; x_wconf 93' lang='lat'><strong>·</strong></span> <span class='ocrx_word' id='word_1_311' title='bbox 1020 3987 1116 4061; x_wconf 66' lang='lat' dir='ltr'>valler:</span> <span class='ocrx_word' id='word_1_312' title='bbox 1127 4004 1156 4056; x_wconf 93' lang='lat' dir='ltr'>in</span> <span class='ocrx_word' id='word_1_313' title='bbox 1166 4003 1323 4057; x_wconf 70' lang='lat' dir='ltr'>cambis</span> <span class='ocrx_word' id='word_1_314' title='bbox 1332 4004 1403 4072; x_wconf 83' lang='lat' dir='ltr'>apud</span> <span class='ocrx_word' id='word_1_315' title='bbox 1415 4004 1536 4055; x_wconf 79' lang='lat' dir='ltr'>Sancmm</span> <span class='ocrx_word' id='word_1_316' title='bbox 1548 4002 1738 4055; x_wconf 75' lang='lat' dir='ltr'>Sebast‘unm</span> 
     </span>
     <span class='ocr_line' id='line_1_33' title="bbox 449 4093 1738 4163; baseline -0.002 -17"><span class='ocrx_word' id='word_1_317' title='bbox 449 4120 460 4135; x_wconf 93' lang='lat'><strong>·</strong></span> <span class='ocrx_word' id='word_1_318' title='bbox 476 4095 599 4146; x_wconf 71' lang='lat' dir='ltr'>ucello:</span> <span class='ocrx_word' id='word_1_319' title='bbox 616 4093 742 4147; x_wconf 81' lang='lat' dir='ltr'>martirio.</span> <span class='ocrx_word' id='word_1_320' title='bbox 761 4124 771 4136; x_wconf 94' lang='lat'>·</span> <span class='ocrx_word' id='word_1_321' title='bbox 789 4096 877 4149; x_wconf 75' lang='lat' dir='ltr'>irarra</span> <span class='ocrx_word' id='word_1_322' title='bbox 895 4095 1039 4149; x_wconf 77' lang='lat' dir='ltr'>martir-nna.</span> <span class='ocrx_word' id='word_1_323' title='bbox 1061 4125 1071 4136; x_wconf 93' lang='lat'><strong>·</strong></span> <span class='ocrx_word' id='word_1_324' title='bbox 1093 4097 1162 4163; x_wconf 76' lang='lat' dir='ltr'>lapi:</span> <span class='ocrx_word' id='word_1_325' title='bbox 1187 4094 1293 4147; x_wconf 75' lang='lat' dir='ltr'>tiranni</span> <span class='ocrx_word' id='word_1_326' title='bbox 1318 4124 1329 4136; x_wconf 88' lang='lat'><strong>·</strong></span> <span class='ocrx_word' id='word_1_327' title='bbox 1353 4097 1449 4148; x_wconf 73' lang='lat' dir='ltr'>lerum</span> <span class='ocrx_word' id='word_1_328' title='bbox 1473 4101 1601 4162; x_wconf 70' lang='lat' dir='ltr'>potenter-</span> <span class='ocrx_word' id='word_1_329' title='bbox 1620 4123 1630 4135; x_wconf 93' lang='lat'><strong>·</strong></span> <span class='ocrx_word' id='word_1_330' title='bbox 1648 4108 1738 4145; x_wconf 72' lang='lat' dir='ltr'>canes:</span> 
     </span>
     <span class='ocr_line' id='line_1_34' title="bbox 451 4174 1740 4254; baseline 0.002 -18"><span class='ocrx_word' id='word_1_331' title='bbox 451 4182 1214 4254; x_wconf 69' lang='lat' dir='ltr'>(Cr)predinaom-sporrare=apmris·cadenas=</span> <span class='ocrx_word' id='word_1_332' title='bbox 1237 4195 1416 4253; x_wconf 67' lang='lat' dir='ltr'>pecatores·</span> <span class='ocrx_word' id='word_1_333' title='bbox 1439 4174 1740 4253; x_wconf 62' lang='lat' dir='ltr'>arrispndi&#39;rode</span> 
     </span>
     <span class='ocr_line' id='line_1_35' title="bbox 451 4274 1345 4344; baseline 0.003 -17"><span class='ocrx_word' id='word_1_334' title='bbox 451 4275 535 4327; x_wconf 62' lang='grc' dir='ltr'>κίκι</span> <span class='ocrx_word' id='word_1_335' title='bbox 552 4274 640 4328; x_wconf 76' lang='lat' dir='ltr'>Crieto</span> <span class='ocrx_word' id='word_1_336' title='bbox 657 4276 775 4343; x_wconf 73' lang='lat' dir='ltr'>-prllera</span> <span class='ocrx_word' id='word_1_337' title='bbox 791 4275 891 4328; x_wconf 82' lang='lat' dir='ltr'>animas</span> <span class='ocrx_word' id='word_1_338' title='bbox 907 4284 1066 4329; x_wconf 66' lang='lat' dir='ltr'>morunt.</span> <span class='ocrx_word' id='word_1_339' title='bbox 1085 4305 1095 4316; x_wconf 94' lang='lat'>·</span> <span class='ocrx_word' id='word_1_340' title='bbox 1113 4293 1227 4328; x_wconf 73' lang='lat' dir='ltr'>mac:</span> <span class='ocrx_word' id='word_1_341' title='bbox 1243 4276 1345 4344; x_wconf 81' lang='lat' dir='ltr'>capelli.</span> 
     </span>
    </p>

    <p class='ocr_par' dir='ltr' id='par_1_10' title="bbox 451 4362 1741 4527">
     <span class='ocr_line' id='line_1_36' title="bbox 522 4362 1741 4437; baseline 0 -20"><span class='ocrx_word' id='word_1_342' title='bbox 522 4363 573 4437; x_wconf 78' lang='lat' dir='ltr'>[ll]</span> <span class='ocrx_word' id='word_1_343' title='bbox 589 4367 708 4418; x_wconf 71' lang='lat' dir='ltr'>metro:</span> <span class='ocrx_word' id='word_1_344' title='bbox 725 4366 855 4434; x_wconf 78' lang='lat' dir='ltr'>sepulture</span> <span class='ocrx_word' id='word_1_345' title='bbox 872 4366 967 4419; x_wconf 86' lang='lat' dir='ltr'>debite.</span> <span class='ocrx_word' id='word_1_346' title='bbox 985 4395 996 4407; x_wconf 94' lang='lat'><strong>·</strong></span> <span class='ocrx_word' id='word_1_347' title='bbox 1012 4384 1124 4419; x_wconf 75' lang='lat' dir='ltr'>camna:</span> <span class='ocrx_word' id='word_1_348' title='bbox 1142 4367 1254 4436; x_wconf 70' lang='lat' dir='ltr'>gelatos,</span> <span class='ocrx_word' id='word_1_349' title='bbox 1265 4368 1375 4429; x_wconf 79' lang='lat' dir='ltr'>nitrias,</span> <span class='ocrx_word' id='word_1_350' title='bbox 1387 4384 1434 4419; x_wconf 84' lang='lat' dir='ltr'>sen</span> <span class='ocrx_word' id='word_1_351' title='bbox 1446 4366 1561 4419; x_wconf 84' lang='lat' dir='ltr'>redditor</span> <span class='ocrx_word' id='word_1_352' title='bbox 1573 4382 1604 4418; x_wconf 86' lang='lat' dir='ltr'>ae</span> <span class='ocrx_word' id='word_1_353' title='bbox 1615 4362 1741 4417; x_wconf 74' lang='lat' dir='ltr'>benefida</span> 
     </span>
     <span class='ocr_line' id='line_1_37' title="bbox 451 4455 1256 4527; baseline 0.004 -19"><span class='ocrx_word' id='word_1_354' title='bbox 451 4455 589 4526; x_wconf 75' lang='lat' dir='ltr'>locupletia</span> <span class='ocrx_word' id='word_1_355' title='bbox 606 4464 633 4509; x_wconf 84' lang='lat' dir='ltr'>et</span> <span class='ocrx_word' id='word_1_356' title='bbox 649 4455 753 4509; x_wconf 72' lang='lat' dir='ltr'>divitias</span> <span class='ocrx_word' id='word_1_357' title='bbox 770 4473 821 4525; x_wconf 89' lang='lat' dir='ltr'>qne</span> <span class='ocrx_word' id='word_1_358' title='bbox 839 4467 899 4510; x_wconf 84' lang='lat' dir='ltr'>runt</span> <span class='ocrx_word' id='word_1_359' title='bbox 916 4475 1022 4520; x_wconf 87' lang='lat' dir='ltr'>eornna,</span> <span class='ocrx_word' id='word_1_360' title='bbox 1041 4458 1109 4511; x_wconf 73' lang='lat' dir='ltr'>idest</span> <span class='ocrx_word' id='word_1_361' title='bbox 1127 4459 1256 4527; x_wconf 85' lang='lat' dir='ltr'>roperbie.</span> 
     </span>
    </p>

    <p class='ocr_par' dir='ltr' id='par_1_11' title="bbox 523 4541 1740 4621">
     <span class='ocr_line' id='line_1_38' title="bbox 523 4541 1740 4621; baseline -0.003 -21"><span class='ocrx_word' id='word_1_362' title='bbox 523 4549 563 4614; x_wconf 77' lang='lat' dir='ltr'>(a)</span> <span class='ocrx_word' id='word_1_363' title='bbox 581 4541 637 4621; x_wconf 83' lang='lat' dir='ltr'>[Cr]</span> <span class='ocrx_word' id='word_1_364' title='bbox 653 4564 713 4599; x_wconf 78' lang='lat' dir='ltr'>ms</span> <span class='ocrx_word' id='word_1_365' title='bbox 730 4546 827 4599; x_wconf 85' lang='lat' dir='ltr'>delitie.</span> <span class='ocrx_word' id='word_1_366' title='bbox 846 4576 857 4588; x_wconf 93' lang='lat'><strong>·</strong></span> <span class='ocrx_word' id='word_1_367' title='bbox 870 4552 998 4616; x_wconf 63' lang='lat' dir='ltr'>puerine</span> <span class='ocrx_word' id='word_1_368' title='bbox 1014 4550 1114 4618; x_wconf 81' lang='lat' dir='ltr'>papalis</span> <span class='ocrx_word' id='word_1_369' title='bbox 1128 4578 1138 4590; x_wconf 91' lang='lat'><strong>·</strong></span> <span class='ocrx_word' id='word_1_370' title='bbox 1150 4550 1240 4600; x_wconf 81' lang='lat' dir='ltr'>lactis:</span> <span class='ocrx_word' id='word_1_371' title='bbox 1252 4548 1370 4617; x_wconf 80' lang='lat' dir='ltr'>pec-onie,</span> <span class='ocrx_word' id='word_1_372' title='bbox 1382 4546 1564 4601; x_wconf 80' lang='lat' dir='ltr'>beneficiorum</span> <span class='ocrx_word' id='word_1_373' title='bbox 1577 4556 1604 4599; x_wconf 84' lang='lat' dir='ltr'>et</span> <span class='ocrx_word' id='word_1_374' title='bbox 1615 4555 1740 4598; x_wconf 82' lang='lat' dir='ltr'>terraram</span> 
     </span>
    </p>
   </div>
   <div class='ocr_carea' id='block_1_6' title="bbox 450 4636 1781 4817">
    <p class='ocr_par' dir='ltr' id='par_1_12' title="bbox 450 4636 1781 4817">
     <span class='ocr_line' id='line_1_39' title="bbox 450 4636 1742 4707; baseline -0.006 -14"><span class='ocrx_word' id='word_1_375' title='bbox 450 4639 571 4693; x_wconf 67' lang='lat' dir='ltr'>&amp;hrum</span> <span class='ocrx_word' id='word_1_376' title='bbox 589 4636 698 4690; x_wconf 61' lang='lat' dir='ltr'>mnia</span> <span class='ocrx_word' id='word_1_377' title='bbox 716 4655 764 4707; x_wconf 83' lang='lat' dir='ltr'>pro</span> <span class='ocrx_word' id='word_1_378' title='bbox 781 4637 897 4706; x_wconf 76' lang='lat' dir='ltr'>pecunia.</span> <span class='ocrx_word' id='word_1_379' title='bbox 917 4668 927 4680; x_wconf 90' lang='lat'><strong>·</strong></span> <span class='ocrx_word' id='word_1_380' title='bbox 946 4642 1050 4693; x_wconf 82' lang='lat' dir='ltr'>rarrrbmr</span> <span class='ocrx_word' id='word_1_381' title='bbox 1067 4657 1177 4692; x_wconf 66' lang='lat' dir='ltr'>manera.</span> <span class='ocrx_word' id='word_1_382' title='bbox 1199 4668 1208 4680; x_wconf 94' lang='lat'><strong>·</strong></span> <span class='ocrx_word' id='word_1_383' title='bbox 1233 4641 1357 4692; x_wconf 76' lang='lat' dir='ltr'>herbosis:</span> <span class='ocrx_word' id='word_1_384' title='bbox 1380 4636 1445 4692; x_wconf 76' lang='lat' dir='ltr'>locla</span> <span class='ocrx_word' id='word_1_385' title='bbox 1469 4637 1636 4691; x_wconf 74' lang='lat' dir='ltr'>beneficiatis.</span> <span class='ocrx_word' id='word_1_386' title='bbox 1654 4666 1665 4677; x_wconf 95' lang='lat'><strong>·</strong></span> <span class='ocrx_word' id='word_1_387' title='bbox 1682 4637 1742 4687; x_wconf 78' lang='lat' dir='ltr'>edi:</span> 
     </span>
     <span class='ocr_line' id='line_1_40' title="bbox 451 4727 1781 4817; baseline 0.005 -38"><span class='ocrx_word' id='word_1_388' title='bbox 451 4727 604 4817; x_wconf 35' lang='lat' dir='ltr'>presbiteri..</span> <span class='ocrx_word' id='word_1_389' title='bbox 615 4727 673 4796; x_wconf 83' lang='lat' dir='ltr'>(Ca)</span> <span class='ocrx_word' id='word_1_390' title='bbox 690 4728 832 4781; x_wconf 78' lang='lat' dir='ltr'>cardinales</span> <span class='ocrx_word' id='word_1_391' title='bbox 850 4738 876 4781; x_wconf 84' lang='lat' dir='ltr'>ct</span> <span class='ocrx_word' id='word_1_392' title='bbox 894 4730 995 4798; x_wconf 85' lang='lat' dir='ltr'>prelati.</span> <span class='ocrx_word' id='word_1_393' title='bbox 1778 4749 1781 4754; x_wconf 88' lang='lat'>·</span> 
     </span>
    </p>
   </div>
   <div class='ocr_carea' id='block_1_7' title="bbox 1663 4815 1697 4851">
    <p class='ocr_par' dir='ltr' id='par_1_13' title="bbox 1663 4815 1697 4851">
     <span class='ocr_line' id='line_1_41' title="bbox 1663 4815 1697 4851; baseline 0 0"><span class='ocrx_word' id='word_1_394' title='bbox 1663 4815 1697 4851; x_wconf 54' lang='lat' dir='ltr'>a&amp;</span> 
     </span>
    </p>
   </div>
   <div class='ocr_carea' id='block_1_8' title="bbox 0 0 2095 5217">
    <p class='ocr_par' dir='ltr' id='par_1_14' title="bbox 0 0 2095 5217">
     <span class='ocr_line' id='line_1_42' title="bbox 0 0 2095 5217; baseline 0 0"><span class='ocrx_word' id='word_1_395' title='bbox 0 0 2095 5217; x_wconf 95' lang='lat' dir='ltr'> </span> 
     </span>
    </p>
   </div>
  </div>
 </body>
</html>
