4125 5217
383 400 443 469 186
886 413 1038 464 turonio
1061 414 1168 463 asena

379 696 509 743 structus
531 694 561 741 et
583 679 724 759 ingnotus
747 674 813 737 talis
834 675 931 737 honor
946 690 1017 736 erat.
1039 694 1128 758 quem
1150 694 1282 737 autorem
1303 689 1391 739 vocat
1412 692 1575 759 pastorum,
1597 676 1672 740 idest
1697 711 1700 718 ·

380 801 513 842 antnrenr
526 780 673 857 tnainmnr
685 778 828 849 sitorum,
839 796 890 837 sen
902 774 1204 857 singularissinrorutn
1216 776 1356 836 virorum.
1365 791 1465 859 pastor
1475 779 1554 839 eninr
1565 776 1673 840 dicitur

380 902 396 943 a
419 882 528 942 virtute
550 892 579 939 et
608 875 824 958 gubernatione
844 890 874 935 et
895 876 1078 956 direptione,
1093 875 1160 958 quin
1184 888 1283 956 pastor
1303 894 1408 958 greges
1428 896 1496 937 suns
1517 875 1673 956 diligenter

380 978 511 1043 custodit
538 993 567 1039 et
590 977 692 1058 pascit.
717 978 756 1037 lta
780 977 929 1036 sirtuosus
951 975 1044 1056 pascit
1066 988 1095 1035 et
1116 972 1261 1053 gubernat
1276 989 1304 1035 et
1315 974 1401 1035 struit
1422 989 1452 1037 et
1479 976 1566 1038 docet
1596 978 1672 1037 siros

382 1079 495 1149 brinos3
518 1079 558 1139 ita
580 1075 737 1157 dupliciter
758 1072 861 1135 titulus
884 1088 981 1155 potest
996 1072 1043 1133 iric
1059 1072 1216 1154 intelligj.·
1230 1071 1435 1135 Collocutores
1457 1074 1595 1136 dicuntur
1615 1091 1674 1137 stu·

381 1194 503 1261 penset
525 1178 663 1258 darrrpne.
685 1178 812 1256 Stupeus
834 1173 942 1235 dicitur
969 1194 984 1233 a
1007 1189 1112 1254 stupa3
1135 1193 1214 1246 nant,
1235 1173 1311 1235 sicut
1334 1175 1454 1235 tttateria
1476 1175 1566 1257 ipsius
1588 1191 1674 1257 stupe

382 1294 427 1341 est
447 1293 513 1339 acta
534 1274 669 1355 crrtrtburj
693 1289 722 1335 et
744 1275 866 1354 ingnem
887 1271 1004 1355 agiliter
1025 1272 1184 1354 intercipit,
1206 1272 1245 1333 ita
1267 1274 1378 1358 etipse
1400 1270 1570 1349 irarteiscus,
1586 1274 1674 1336 liuius

369 1377 480 1460 'operis
501 1391 598 1450 autor,
620 1373 675 1436 luit
696 1372 803 1435 babilis
825 1371 860 1434 ad
883 1371 1044 1433 atitandum
1073 1386 1102 1432 et
1123 1371 1259 1432 ardenter
1277 1370 1384 1434 dilexit
1403 1374 1495 1454 ipsam
1523 1373 1673 1436 dontinant

383 1475 513 1539 lauream
537 1489 567 1537 et
588 1472 725 1536 similiter
746 1472 896 1535 ellectasit
918 1471 1064 1532 honorent
1093 1484 1247 1553 poetarum
1279 1487 1308 1533 et
1329 1472 1476 1554 cupiendo
1501 1472 1675 1535 desiderarit

383 1597 415 1639 se
436 1576 561 1638 laureari
583 1576 644 1657 ipsa
667 1594 789 1647 corono,
810 1591 868 1656 que
888 1570 997 1633 dicitur
1018 1568 1126 1645 laureae
1142 1585 1181 1645 et,
1203 1573 1232 1631 in
1255 1568 1305 1632 tali
1326 1571 1470 1634 desiderio
1492 1587 1522 1634 et
1542 1593 1593 1655 spe
1615 1594 1676 1635 mo·

384 1688 461 1750 runs,
482 1673 600 1736 induxit
620 1693 652 1735 se
674 1674 703 1733 in
724 1692 777 1733 nre
799 1685 953 1754 poetarum
976 1670 1012 1732 nd
1035 1668 1221 1732 scribendum
1251 1685 1282 1732 ut
1315 1669 1442 1754 placeret
1475 1674 1601 1757 utrique,
1622 1693 1674 1735 sen
1746 1685 1749 1691 '

384 1773 522 1837 uidelicet
549 1773 671 1835 domine
692 1771 790 1834 lauree
817 1770 928 1832 artntsie
950 1790 1013 1845 sue,
1035 1790 1093 1855 que
1121 1783 1242 1852 propter
1261 1769 1370 1832 latriam
1393 1791 1461 1834 eum
1483 1770 1619 1855 diligeret
1646 1790 1675 1837 et

383 1872 565 1936 satisfaceret
592 1871 737 1933 desiderio
758 1891 823 1945 suo,
844 1889 895 1931 seu
918 1883 951 1931 ut
979 1868 1087 1930 iaceret
1108 1889 1140 1930 se
1167 1868 1310 1951 dingnunt
1332 1868 1446 1933 bonore
1468 1866 1632 1954 poetarum,
1647 1889 1676 1936 et

384 1993 472 2057 posse
499 1974 581 2056 sequi
605 1973 718 2056 poesim
741 1986 770 2032 et
798 1970 951 2053 pertenire
974 1971 1081 2030 merito
1109 1968 1198 2029 adse
1226 1967 1427 2032 laureandum.
1447 1991 1499 2055 per
1518 1971 1676 2055 dampnent

384 2093 455 2134 tero
476 2070 653 2153 intelligitur
673 2072 736 2153 ipsa
757 2069 877 2131 domina
900 2066 1009 2143 laurea,
1027 2068 1152 2128 amassia
1173 2088 1226 2129 sua
1248 2082 1276 2130 et
1297 2070 1358 2151 ipsa
1381 2067 1478 2133 laurea
1500 2092 1558 2156 qna
1585 2092 1677 2135 coro-

384 2170 532 2234 nabantur
547 2186 644 2252 poete.
661 2172 737 2232 Nam
760 2183 859 2228 narrat
872 2166 989 2227 osidius
1011 2164 1152 2242 fabulam,
1167 2166 1245 2250 qnod
1261 2166 1372 2249 pltebus
1383 2172 1495 2233 amarit
1508 2171 1677 2254 elatrrtpnenn

384 2269 476 2333 filiam
505 2270 609 2353 pennej
634 2270 663 2330 in
693 2267 805 2343 tesalia‚
827 2265 1009 2350 querelem
1033 2266 1234 2348 uirginitatem
1262 2286 1447 2345 conservare,
1470 2290 1551 2332 tersa
1579 2286 1623 2332 est
1648 2270 1677 2332 in

384 2368 511 2439 laurum,
523 2369 560 2429 de
581 2389 638 2453 qua
661 2367 767 2429 arbore
782 2366 892 2429 fiebant
913 2365 1012 2428 laurce
1027 2365 1176 2429 cesaribus
1198 2382 1227 2428 et
1242 2368 1351 2450 poetis;
1366 2389 1483 2432 summa
1499 2390 1568 2432 cunt
1584 2368 1678 2453 gloria

385 2467 613 2533 coronabantur.
638 2471 680 2530 lta
703 2468 764 2550 ipsa
787 2466 875 2528 arbor
902 2466 1011 2529 dicitur
1033 2466 1159 2548 dampne
1182 2486 1278 2549 grece,
1300 2466 1389 2528 latine
1412 2489 1482 2529 tero
1504 2467 1611 2530 laurus.
1637 2471 1677 2532 lta

384 2584 505 2652 propter
536 2567 615 2629 istud
648 2568 708 2627 duo
740 2565 1005 2648 cuntprenduntnr,
1027 2564 1164 2628 videlicet
1195 2569 1256 2649 ipsa
1286 2565 1404 2628 dontina
1438 2566 1534 2631 laurea
1563 2584 1592 2631 et
1616 2570 1678 2652 ipsa

384 2667 483 2729 laurea
506 2687 628 2728 corona.
651 2668 692 2728 ita
714 2682 767 2727 est.
792 2686 842 2747 per
864 2680 958 2727 totam
980 2665 1056 2726 itanc
1079 2663 1217 2747 eglognnt
1239 2664 1345 2748 duplex
1368 2682 1412 2727 est
1433 2666 1609 2743 intellectus,
1633 2667 1677 2730 rel

383 2767 419 2829 de
441 2769 503 2850 ipsa
526 2768 647 2828 dormna
670 2765 779 2838 laurea,
803 2765 847 2826 rel
870 2766 907 2826 de
929 2766 991 2848 ipsa
1013 2785 1132 2826 corona.
1156 2768 1219 2827 lnro
1241 2785 1321 2841 tero,
1343 2786 1439 2828 mour
1463 2790 1498 2829 nn
1519 2789 1583 2831 nso
1601 2789 1679 2829 cont·

384 2865 496 2950 prendo
519 2885 618 2927 roura
640 2884 743 2941 tranet,
758 2864 795 2925 de
811 2879 935 2947 utraque
957 2864 1099 2948 loquitur,
1121 2864 1207 2925 etde
1229 2879 1353 2947 utraque
1378 2864 1602 2949 intelligendum
1625 2884 1679 2930 est.

389 2999 408 3011 -
430 2966 466 3025 Et
487 2964 570 3046 quis:
592 2964 698 3044 Incipit
719 2976 840 3044 stupens
862 2960 964 3045 loqui:
987 2963 1104 3045 etquis
1127 2961 1191 3023 finis
1224 2964 1278 3024 erit
1300 2963 1434 3046 precibus
1457 2967 1540 3040 meis,
1561 2986 1580 3026 o
1601 2965 1680 3027 dant·

385 3064 464 3146 pne?
480 3062 622 3145 perhanc
644 3061 805 3143 dampnent
820 3060 997 3145 intelligitur
1017 3078 1068 3124 aut
1084 3064 1144 3144 ipsa
1167 3062 1286 3123 domina
1303 3062 1411 3137 laurea,
1426 3079 1476 3126 aut
1498 3065 1559 3147 ipsa
1574 3068 1680 3148 poesis,

384 3162 431 3224 tel
464 3160 598 3222 laureum
621 3161 820 3235 desideriunr;
842 3162 872 3222 in
903 3160 1059 3223 scribendo
1082 3181 1147 3222 mea
1179 3181 1259 3237 cura,
1281 3177 1325 3239 tu,
1346 3162 1474 3245 dampne
1495 3163 1541 3226 tel
1573 3167 1679 3249 poesis,

384 3280 450 3323 ntea
472 3280 543 3322 cura
566 3259 704 3344 lngeqne.
719 3294 729 3305 ·
737 3258 851 3343 figcqne
869 3260 978 3344 perlem,
997 3259 1127 3343 detorpnr,
1141 3269 1251 3344 precor:
1265 3261 1349 3337 idest,
1364 3282 1383 3324 o
1398 3261 1496 3324 laurea
1511 3264 1559 3326 rel
1574 3268 1679 3348 poesis,

384 3359 446 3422 noli
468 3358 571 3441 sugere
593 3373 623 3419 et
644 3374 778 3440 expecta,
800 3358 874 3419 idest
896 3357 941 3419 lae
963 3378 1011 3419 me
1033 3359 1158 3441 dignum
1175 3361 1215 3440 tuj
1232 3375 1261 3422 et
1277 3362 1417 3423 miserere
1431 3377 1551 3425 tuorum
1567 3382 1596 3427 et
1618 3386 1681 3449 pre·

383 3460 470 3540 cipue
493 3458 586 3518 mei·
604 3459 667 3533 an
679 3454 800 3540 plnbnnt
821 3458 947 3541 spreuit:
970 3459 1025 3520 Hic
1049 3457 1182 3542 loquitur
1195 3459 1305 3534 danne;
1330 3462 1519 3543 respondens,
1540 3463 1600 3525 ait:
1622 3484 1679 3549 que

385 3556 517 3639 phebmn
532 3559 654 3639 sprevit,
669 3577 721 3618 seu
738 3577 825 3639 ego...
848 3556 958 3619 Fabula
980 3573 1023 3620 est
1046 3557 1173 3641 dompne
1194 3560 1338 3641 spreuisse
1360 3559 1490 3643 phebunt
1518 3579 1679 3625 amantem.

384 3658 456 3738 ipsa,
480 3656 670 3738 respondens,
685 3655 776 3718 dicit:
799 3656 1013 3739 (interogatire
1036 3656 1193 3740 legendum
1210 3658 1268 3740 est)
1283 3679 1351 3742 que,
1366 3680 1417 3720 seu
1433 3658 1481 3722 illa
1497 3682 1555 3744 que
1569 3664 1679 3744 spreuit

385 3755 638 3839 pbeburrr,que1n
671 3775 731 3815 non
755 3770 888 3837 spretura
922 3759 1065 3837 putetur?
1086 3758 1168 3840 quasi
1201 3758 1297 3819 dicat:
1322 3757 1461 3821 nullum?
1482 3781 1554 3844 ymo
1581 3762 1679 3826 ontuis

383 3869 499 3936 spretus
521 3855 576 3914 erit
597 3851 634 3914 ab
656 3853 729 3935 ipsa,
751 3873 809 3936 qne
829 3855 941 3935 spreuit
964 3852 1105 3937 phebum.
1127 3890 1146 3902 -
1168 3877 1252 3939 pnrre
1274 3856 1348 3920 olins
1368 3877 1460 3920 cirros.
1481 3859 1564 3943 quasi
1586 3859 1676 3923 dicat:

383 3951 461 4013 aliud
485 3972 586 4035 quere,
607 3972 677 4013 cunt
700 3950 757 4013 huc
780 3951 940 4015 ascendere
962 3973 1101 4037 nequeas,
1117 3953 1163 4016 sel
1184 3955 1221 4016 ad
1239 3975 1371 4017 antorent
1388 3957 1456 4038 mej,
1472 3958 1518 4018 vel
1534 3958 1570 4020 ad
1585 3961 1678 4042 ipsam

383 4053 480 4134 poesis
502 4048 948 4135 sententiam.-fisinrpurlnnns
969 4051 1103 4124 rtrrrnrnln,
1125 4053 1200 4115 idest
1222 4074 1280 4115 non
1302 4052 1392 4117 habes
1415 4076 1524 4119 nomen
1540 4073 1569 4119 et
1591 4060 1678 4121 nimis

383 4150 478 4211 audax
490 4170 531 4222 es,
543 4170 613 4210 cum
625 4151 708 4231 cupis
722 4153 877 4232 pertenire
891 4150 927 4212 ad
943 4151 972 4212 id
986 4151 1067 4235 quod
1082 4153 1235 4214 inmeritus
1247 4174 1287 4215 es.
1298 4189 1308 4201 ·
1320 4156 1396 4217 Hinc
1407 4154 1499 4216 babor:
1510 4159 1679 4240 Respondet

383 4250 531 4328 Stupeus:
548 4246 617 4309 hinc
634 4246 726 4320 labor,
742 4247 811 4310 ltine
827 4269 912 4310 amor
926 4252 1089 4332 exagitant,
1105 4250 1181 4313 idest
1195 4250 1341 4314 ferventer
1355 4268 1515 4315 enumeret
1531 4276 1594 4331 nre;
1610 4278 1678 4317 narn

382 4346 536 4408 sciendum
569 4346 714 4429 estquod
746 4350 847 4409 omnin
870 4347 948 4410 bona
983 4366 1012 4412 et
1035 4352 1166 4412 virtuosa
1196 4352 1246 4435 qui
1278 4353 1419 4436 sequitur,
1441 4374 1525 4415 amor
1555 4354 1677 4438 inpellit.

383 4450 460 4508 Nam
483 4445 625 4530 quidquid
649 4445 746 4528 placet
774 4448 918 4531 diligitur,
942 4448 1085 4533 quidquid
1107 4449 1203 4533 diligit
1225 4449 1317 4513 horno
1355 4454 1488 4537 sequitur
1518 4452 1618 4529 labore
1650 4472 1679 4517 et

382 4545 501 4620 studio;
524 4544 591 4606 ideo
623 4546 694 4608 dicit
726 4568 821 4622 antor,
843 4548 918 4609 idest
950 4549 1039 4629 ardor
1072 4550 1109 4631 rej
1142 4565 1240 4612 amate
1271 4565 1299 4611 et
1331 4549 1423 4627 labor,
1445 4552 1519 4614 idest
1547 4553 1677 4615 studium

375 4643 523 4717 scientie;
544 4644 585 4703 ita
609 4641 745 4707 laboret
767 4666 852 4707 amor
884 4647 1034 4728 exagitant
1067 4667 1115 4708 me
1143 4663 1329 4709 trementem.
1350 4683 1370 4695 -
1399 4648 1479 4733 loqui
1507 4651 1678 4734 irrlerrnplo,

350 4755 410 4795 sen
436 4738 535 4818 rerba,
559 4744 632 4830 quia
658 4746 922 4830 verecundabatur
936 4763 1020 4814 tanta
1045 4762 1161 4813 ettam
1184 4768 1295 4833 nragna
1318 4762 1420 4831 petere
1445 4762 1478 4810 et
1495 4747 1681 4823 desideraret
