4125 5217
1696 394 1759 443 11.
1804 392 2181 443 tuconiam
2228 393 2491 440 cnm-:N
3303 394 3381 460 95

822 1645 1243 1729 Bucolicum
1297 1673 1585 1728 car-men
1644 1672 1879 1726 mcum
1939 1643 2220 1751 incipit.
2279 1640 2551 1750 Egloge
2600 1644 2843 1752 prime
2883 1641 3183 1724 titulus:
3223 1642 3403 1724 Pur-

1039 1807 1335 1892 thcm'as.
1398 1857 1442 1869 -
1499 1805 1988 1890 Collocutorcs
2045 1803 2330 1888 Silvius
2386 1820 2454 1887 et
2507 1805 2873 1887 Monicus.

712 2339 969 2719 ΞΕ
1074 2355 1326 2448 onice,
1385 2349 1809 2458 tranquillo
1868 2349 2090 2433 solus
2147 2350 2290 2434 tibi
2349 2349 2717 2433 conditus
2778 2368 3027 2443 antro,

1076 2481 1170 2562 Et
1227 2481 1483 2586 gregis
1542 2500 1614 2561 et
1674 2480 1868 2561 ruris
1929 2478 2257 2585 potuisti
2317 2503 2675 2585 spernere
2735 2502 2991 2567 curas;

712 2355 1224 2719 ΞΕ-ᾓάΑεῖ
1281 2634 1430 2709 egro
1489 2605 1874 2687 dumosos
1934 2603 2176 2687 colles
2236 2603 2629 2711 silvasque
2688 2628 3021 2709 pererro,

836 2731 1145 2816 Infelix!
1207 2733 1414 2830 Quis
1474 2732 1626 2814 fata
1684 2752 1911 2839 neget
1969 2732 2271 2814 diversa
2327 2729 2740 2838 gemellis?

830 2857 1013 2942 Una
1066 2856 1214 2941 fuit
1271 2859 1634 2965 genitrix;
1697 2878 1770 2940 at
1828 2886 2004 2966 spes
2065 2886 2228 2940 non
2287 2886 2439 2939 una
2498 2854 2872 2963 sepulcri!
3390 2894 3412 2931 s

752 2981 1061 3090 (mlvi,
1119 2985 1308 3091 quid
1365 2985 1751 3091 quereris?
1811 2983 2301 3066 Cunctorum
2359 3010 2538 3063 vera
2597 2980 2956 3064 laborum

836 3111 1013 3219 Ipse
1066 3109 1206 3193 tibi
1266 3139 1493 3194 causa
1551 3138 1654 3193 es,
1720 3111 1931 3208 Quis
1989 3131 2061 3194 te
2121 3137 2254 3217 per
2311 3108 2537 3192 devia
2596 3109 2866 3216 cogit?

836 3235 1047 3334 Quis
1102 3237 1224 3320 vel
1283 3239 1765 3320 inaccessum
1823 3257 2042 3320 tanto
2099 3235 2385 3319 sudore
2441 3263 2816 3318 cacumen

837 3363 1141 3447 Montis
1199 3364 1404 3447 adire
1464 3365 1701 3462 iubet,
1763 3365 1883 3447 vel
1946 3392 2080 3472 per
2136 3363 2431 3447 deserta
2488 3364 2753 3471 vagari

835 3489 1411 3599 Muscososque
1469 3494 1624 3582 situ
1683 3491 2060 3600 scopulos
2120 3489 2533 3600 fontesque
2592 3491 3013 3574 sonantes?

767 3615 1006 3722 [Hei
1064 3617 1337 3700 michi!
1398 3617 1635 3701 Solus
1696 3619 1969 3701 Amor.
2029 3619 2161 3701 Sic
2219 3648 2346 3702 me
2403 3640 2761 3701 venerata
2816 3615 3151 3722 benigne

836 3743 1214 3852 Aspiciat,
1273 3772 1450 3852 spes
1510 3767 1801 3841 nostra,
1862 3744 2109 3828 Pales.
2172 3744 2704 3827 Dulcissimus
2763 3742 2960 3825 olim

838 3867 1286 3952 Parthenias
1346 3870 1612 3967 michi,
1674 3873 1829 3954 iam
1891 3900 2162 3980 puero,
2223 3893 2525 3954 cantare
2584 3868 2884 3953 solebat

843 3995 1020 4094 Hic,
1080 3995 1212 4080 ubi
1272 3998 1651 4095 BenacuS,
1710 3999 1949 4081 vitrea
2006 3997 2582 4107 pulcherrimus
2643 3997 2850 4091 alm,

838 4122 1326 4206 Persimilem
1387 4145 1656 4208 natum
1718 4123 1975 4209 fundit
2032 4125 2206 4208 sibi.
2269 4127 2603 4207 Venerat
2662 4144 2821 4207 ctas
3373 4162 3420 4200 ις

840 4249 1187 4342 Fortior;
1250 4250 1657 4348 audebam,
1720 4252 1941 4335 nullo
2002 4250 2221 4348 duce,
2287 4252 2438 4333 iam
2503 4278 2639 4358 per
2697 4277 3035 4357 opacum

836 4376 952 4459 Ire
1009 4402 1313 4472 nemim,
1373 4407 1509 4460 nec
1570 4378 1809 4461 lustra
1870 4377 2046 4460 feris
2108 4378 2448 4462 habitata
2507 4376 2915 4470 timebann

972 4649 1270 4717 parthenius
1307 4677 1323 4688 ·
1364 4649 1608 4701 monicus,
1635 4679 1652 4690 ·
1695 4652 1756 4704 V.
1805 4666 1863 4702 ιε
1902 4652 2210 4719 Tranquillo
2246 4680 2261 4691 ·
2304 4653 2369 4702 V.
2424 4664 2488 4718 5:
2530 4656 2618 4703 At.
2657 4680 2677 4691 ·
2721 4653 2781 4702 V.
2830 4665 2928 4703 12:
2972 4652 3112 4718 pales
3150 4680 3166 4692 -
3207 4653 3270 4703 V.
3318 4666 3413 4715 14:

830 4740 1051 4792 heuneus
1090 4767 1109 4779 -
1152 4740 1216 4794 V.
1271 4740 1365 4789 16:
1407 4741 1696 4797 Audebunt.
