4125 5217
841 412 873 462 tt
896 411 1085 462 aucottcun
1108 410 1238 461 cannen
1615 397 1678 480 269

394 680 517 758 paucos:
539 673 669 756 assignat
691 674 835 735 rationem
863 694 924 735 non
950 687 1225 756 oporteretantum
1254 671 1389 736 laborare
1416 694 1469 758 pro
1489 674 1681 758 amplitudine

399 773 501 857 regni3
522 773 591 856 quia
613 792 691 835 nunc
712 774 798 855 pauci
819 788 976 855 supersunt
997 788 1026 835 et
1048 774 1091 835 sic
1120 793 1212 857 parvo
1233 787 1278 836 est
1305 793 1381 856 opus
1410 793 1510 855 regno.
1530 808 1541 822 ·
1562 773 1682 858 duplicis

398 871 562 935 laetaminis:
585 872 666 934 idest
692 871 818 934 duamm
846 870 1034 948 familiarum,
1056 892 1107 934 seu
1138 873 1316 935 Ursinorum
1344 887 1373 935 et
1394 872 1641 936 columnensium.
1662 907 1683 921 -

398 977 534 1034 arttmmt
555 970 630 1034 idest
651 972 743 1047 curia,
763 972 848 1054 quasi
869 971 967 1034 dicat:
988 970 1097 1034 sufficit
1113 971 1197 1035 nobis
1219 970 1300 1056 quod
1321 994 1381 1034 uno
1404 992 1504 1036 ratense
1524 975 1605 1037 curia
1625 988 1683 1035 stet

399 1070 430 1132 in
450 1086 547 1132 castro
568 1072 668 1132 Sancti
691 1069 797 1153 Angeli
820 1090 873 1154 pro
895 1071 1020 1145 Ursinis,
1042 1070 1100 1134 alio
1122 1073 1152 1133 in
1173 1070 1250 1134 colle
1278 1073 1378 1134 sancti>
1401 1071 1532 1135 Marcelli
1555 1092 1607 1155 pro
1628 1074 1683 1136 eo

399 1167 612 1231 lumnensibus.
633 1168 690 1231 Vel
711 1168 852 1254 duplicis:
873 1171 955 1252 quasi
978 1170 1076 1233 dicat:
1099 1172 1139 1232 ita
1162 1172 1246 1254 pauci
1268 1191 1372 1233 sumus
1392 1172 1472 1254 quod
1493 1172 1601 1235 subiicit
1624 1174 1684 1235 uni·

398 1268 506 1352 cuique
520 1282 654 1330 nostrum
668 1288 756 1330 suum
771 1267 879 1330 babere
894 1268 1046 1352 palatium,
1057 1269 1130 1332 duas
1145 1268 1289 1333 habemus
1304 1272 1477 1346 testudines,
1491 1272 1566 1334 idest
1580 1271 1684 1348 soleas,

399 1382 429 1431 et
450 1388 510 1429 non
530 1386 687 1453 queramus
708 1367 850 1451 ampliare
872 1389 1006 1452 regnum.
1027 1404 1048 1417 -
1068 1368 1137 1431 durat
1158 1376 1254 1431 lorini:
1274 1368 1373 1453 aliqua
1388 1391 1495 1453 guerra
1510 1371 1555 1434 vel
1577 1372 1684 1434 tumul-

399 1482 448 1530 tus
468 1482 523 1531 est.
544 1480 554 1516 ·'
574 1473 687 1531 verrios:
709 1482 909 1551 tempestates.
929 1504 940 1516 ·
961 1466 1083 1531 imbres:
1106 1490 1237 1552 guerras.
1258 1504 1279 1517 -
1300 1467 1418 1532 alternis
1445 1472 1595 1533 eortbiuio:
1616 1473 1684 1555 quia

398 1588 457 1630 una
477 1567 525 1630 die
545 1569 575 1629 in
596 1568 687 1629 domo
708 1582 769 1643 tua,
790 1568 881 1631 altera
909 1569 939 1630 in
961 1589 1026 1631 mea
1055 1568 1106 1631 liet
1127 1568 1269 1631 solenniis
1291 1590 1419 1653 pompa;
1442 1569 1488 1632 sel
1508 1572 1576 1654 quia
1597 1572 1685 1633 Curia

399 1688 457 1730 una
478 1668 543 1731 sice
563 1669 593 1730 in
613 1669 704 1730 domo
727 1670 846 1744 ursinia,
867 1667 923 1731 alia
944 1667 1131 1731 columneusi
1152 1668 1302 1730 tenebitur
1323 1668 1338 1751 (
1359 1668 1384 1752 ).

482 1767 674 1852 Coniugibus:
697 1769 866 1851 Respondet
888 1770 1023 1843 Martius,
1045 1769 1164 1830 dicens:
1187 1789 1206 1830 o
1228 1768 1326 1845 frater,
1348 1788 1408 1830 non
1425 1767 1585 1833 benedicis
1605 1770 1684 1855 quod

399 1867 533 1930 civitates
554 1869 779 1930 circumstantes
801 1889 859 1953 que
880 1869 1023 1952 coniuges
1045 1882 1128 1930 erant
1149 1870 1245 1933 Rome
1266 1883 1297 1930 et
1317 1866 1468 1945 suberant,
1482 1884 1612 1931 nostram
1634 1872 1683 1932 ei-

398 1964 500 2030 dentes
521 1968 680 2051 ignaviam,
701 1968 731 2029 in
753 1988 807 2029 nos
828 1982 1008 2052 consurgent
1029 1982 1059 2030 et
1080 1967 1242 2051 despicient
1256 1984 1286 2031 et
1306 1968 1452 2032 dominari
1467 1968 1567 2031 solent
1587 1972 1682 2034 Rome

401 2085 460 2150 que
480 2065 689 2130 dominabatur
709 2068 761 2129 eis.
783 2102 803 2115 -
824 2066 981 2151 linteisque:
1011 2066 1110 2131 Urbis.
1136 2101 1148 2114 ·
1175 2068 1206 2129 in
1233 2065 1388 2130 vestibula:
1416 2069 1472 2130 atri
1500 2083 1530 2130 et
1558 2070 1647 2131 curie.
1668 2104 1688 2116 -

398 2180 497 2251 potest
518 2166 642 2251 intelligi
664 2167 755 2250 quod,
775 2168 895 2252 quando
922 2168 1003 2230 curia
1032 2182 1095 2229 erat
1117 2168 1146 2228 in
1167 2167 1258 2228 domo
1279 2166 1316 2229 de
1337 2167 1463 2243 Ursinis,
1483 2167 1688 2231 columnenses

400 2285 460 2329 non
481 2265 572 2341 ibant,
593 2281 623 2327 et
644 2267 685 2328 sic
707 2286 723 2328 e
744 2286 897 2329 converso.
919 2301 929 2313 ·
950 2272 1046 2350 septa:
1068 2286 1150 2328 sacra
1173 2264 1248 2342 loca,
1264 2264 1311 2327 uel
1325 2265 1489 2328 claustrum
1510 2266 1657 2349 Capitolii.
1678 2303 1688 2315 ·

398 2366 492 2430 sedes:
513 2365 696 2449 capitolinas.
717 2401 727 2415 ·
748 2368 874 2429 r'nnelos:
897 2386 961 2442 nos,
982 2367 1057 2428 idest
1078 2368 1182 2428 omnes
1204 2367 1430 2429 circumstantes
1458 2364 1607 2429 timebunt
1634 2370 1688 2432 Ro·

399 2486 479 2530 mam
499 2466 615 2550 quoties
637 2486 690 2528 nos
718 2467 892 2528 coniunctos
921 2487 984 2527 esse
1006 2465 1148 2527 videbunt
1176 2480 1206 2527 et
1226 2464 1264 2527 ad
1291 2466 1394 2527 matris
1416 2481 1515 2527 nostre
1536 2464 1683 2528 defensam

399 2568 533 2629 unanimi
560 2565 713 2629 voluntate
741 2585 959 2629 concurrere·
986 2565 1034 2627 bec
1062 2585 1120 2626 niro
1149 2564 1267 2627 dantus:
1297 2566 1326 2626 in
1355 2564 1495 2647 capitolio
1523 2580 1553 2628 et
1578 2586 1637 2627 non
1659 2568 1689 2628 in

397 2665 534 2729 domibus
556 2666 664 2727 nostris
686 2667 799 2728 curiam
821 2680 985 2727 teneamus.
1006 2700 1017 2712 ·
1039 2666 1188 2727 iuvencos:
1211 2677 1347 2746 potentes
1375 2680 1405 2726 et
1433 2680 1585 2748 magnates
1605 2666 1689 2727 alios.
1762 2741 1765 2746 ¹

397 2819 409 2833 .
428 2765 542 2851 pecori:
565 2763 677 2849 populo
699 2785 834 2827 romano.
856 2799 867 2814 ·
885 2774 1033 2850 preterea:
1054 2800 1065 2812 ·
1085 2765 1206 2826 adducit
1227 2766 1372 2826 rationem
1386 2763 1427 2827 ob
1447 2768 1609 2848 potentiam
1631 2787 1690 2828 ma·

398 2867 452 2930 tris
472 2865 583 2928 ausilio
612 2871 743 2928 luturam
772 2886 808 2927 ex
835 2864 896 2928 sale
923 2865 1004 2949 quod
1031 2864 1120 2927 habet
1154 2867 1248 2928 Roma
1277 2865 1307 2926 in
1335 2863 1525 2941 abundantia,
1547 2874 1592 2927 vel
1621 2868 1690 2950 quia

398 2964 489 3029 habet
509 2964 608 3028 adhuc
630 2966 777 3048 sapientes
798 2965 944 3028 homiues.
966 3000 985 3012 -
1006 2965 1180 3048 aspergine:
1202 2961 1354 3047 sapientie.
1369 2999 1380 3012 ·
1394 2962 1514 3026 berbns:
1536 2966 1690 3047 sapientes.

398 3100 419 3114 -
439 3066 579 3152 Insuper:
601 3063 776 3127 exhortatur
797 3080 826 3127 et
840 3065 896 3127 alia
919 3066 1032 3126 ratione
1047 3064 1083 3125 ad
1107 3063 1212 3127 urbem
1232 3063 1403 3138 iuvandam,
1418 3078 1451 3125 ut
1465 3066 1611 3146 peregrini
1628 3081 1691 3126 tute

399 3165 500 3227 venire
522 3165 636 3247 possint
656 3167 794 3240 Romam,
816 3165 883 3248 quia
906 3163 943 3226 ab
964 3165 1047 3225 omni
1070 3177 1153 3246 parte
1165 3165 1318 3225 venientes
1339 3161 1518 3226 infestantur
1527 3180 1586 3225 eta
1610 3180 1690 3246 parte

400 3265 516 3328 Ortana
538 3278 567 3325 et
588 3285 605 3325 a
627 3279 711 3346 parte
731 3264 884 3326 Sutriensi.
917 3279 946 3325 et
967 3262 1031 3324 loca
1053 3283 1111 3345 que
1133 3283 1186 3324 nos
1208 3262 1404 3346 possedimus,
1426 3279 1527 3325 tuscus
1548 3262 1645 3325 habet.
1670 3299 1690 3310 -

398 3362 439 3425 od
458 3369 560 3425 velens
581 3369 674 3424 ortos:
696 3364 847 3425 ciuitatem
877 3378 1012 3424 ortanam
1042 3382 1100 3445 que
1127 3364 1248 3446 antiqua
1270 3377 1324 3423 est.
1345 3396 1356 3409 ·
1377 3360 1562 3446 rurrbroanue
1583 3369 1687 3446 lerrrpe:

399 3460 506 3524 vallem
527 3460 718 3545 Spoletanam
740 3460 956 3524 delectabilem.
978 3496 998 3508 -
1018 3463 1198 3543 Saturnique
1219 3462 1335 3535 domos,
1355 3461 1429 3522 idest
1450 3463 1581 3524 Sutrium
1604 3483 1620 3522 a
1642 3463 1690 3523 Sa·

400 3575 488 3622 turno
509 3560 744 3622 denominatum.
761 3559 862 3643 pulsus
884 3582 901 3622 a
923 3564 992 3623 lore
1013 3560 1086 3635 filio,
1103 3560 1158 3622 illis
1180 3561 1210 3621 in
1225 3559 1356 3642 partibus
1378 3559 1474 3634 latuit,
1489 3560 1566 3622 unde
1587 3560 1689 3622 latium

399 3680 416 3722 a
437 3657 566 3723 latendo.
588 3694 599 3707 ·
621 3659 719 3722 arbro:
741 3658 874 3723 Tiberim
896 3680 989 3743 usque
1011 3662 1162 3722 Tusciam.
1185 3694 1205 3706 -
1225 3659 1346 3721 Lrilins:
1369 3682 1385 3720 a
1409 3659 1497 3721 lido...
1519 3658 1596 3721 lilius
1617 3659 1689 3721 hcr-

398 3758 474 3822 culis
494 3761 545 3842 qui
566 3759 604 3822 de
633 3757 699 3821 lidia
729 3761 850 3821 ueniens
879 3761 1020 3823 'l‘usciam
1050 3762 1185 3820 tenuit·
1212 3757 1248 3819 nb
1277 3759 1353 3820 alto:
1382 3761 1530 3842 apennino
1552 3758 1618 3821 loco
1639 3761 1689 3842 qui

399 3859 509 3922 dicitur
529 3858 714 3922 saltemus.-
741 3862 841 3921 riuus:
871 3859 997 3922 liberis.
1022 3894 1032 3905 ·
1059 3880 1112 3920 surr
1141 3880 1233 3920 eitra:
1263 3879 1385 3920 romana
1413 3858 1599 3921 loca-Pons
1614 3858 1689 3943 brit:

400 3957 522 4021 Milvius
544 3974 625 4020 extra
648 3959 750 4020 urbem
773 3962 936 4021 Rommram
964 3958 1114 4041 quondam
1144 3957 1197 4020 luit
1226 3979 1300 4040 pons
1322 3978 1410 4040 super
1437 3956 1580 4033 Tiberim,
1601 3978 1689 4042 quem

399 4058 512 4140 antiqui
539 4074 690 4120 senatores
718 4061 921 4122 Romanorum
953 4074 1192 4131 construxerunt,
1225 4073 1258 4119 ut
1289 4058 1325 4119 ad
1357 4058 1460 4119 urbem
1489 4057 1581 4120 facilis
1614 4074 1690 4119 esset

468 4488 508 4552 (t)
529 4480 584 4559 [Cr]
603 4486 704 4546 barcis:
723 4485 821 4538 levibus
842 4486 993 4559 redditibus.
1011 4514 1021 4525 ·
1040 4485 1152 4552 duplicis
1170 4485 1324 4539 testrrdinis:
1343 4484 1445 4537 suerunt
1464 4500 1574 4551 namque
1593 4483 1619 4533 in
1638 4482 1689 4534 eol·

394 4575 523 4629 loeutieue
540 4576 724 4628 columnenses
745 4586 770 4627 et
789 4576 879 4627 Ursini
897 4585 958 4627 tune
983 4577 1015 4626 rle
1042 4576 1182 4627 dividendo
1208 4574 1414 4627 iurisdietionem
1434 4592 1575 4633 romanam,
1595 4590 1640 4624 seu
1660 4584 1688 4624 ut

386 4666 580 4718 columnensea
598 4654 671 4718 sitem
691 4665 897 4717 lurisdietionertt
916 4666 1078 4717 haberentet
1091 4675 1190 4732 partem
1209 4665 1280 4716 iusta
1298 4674 1414 4716 sanctum
1429 4665 1589 4728 Marcellum..
1601 4662 1691 4716 Ursini

396 4772 461 4810 κω
480 4756 509 4809 ln
526 4763 610 4809 etatae
628 4756 714 4809 Saueti
733 4756 836 4824 Angeli.
856 4785 865 4796 ·
883 4764 991 4808 sentus:
1011 4756 1066 4809 lues
1085 4765 1111 4809 et
1130 4756 1221 4824 iurgia.
1427 4737 1430 4741 Δ
