4125 5217
853 402 884 451 ll.
907 400 1096 453 nucottcust
1119 403 1250 456 cannen
1626 406 1690 476 257

412 656 522 722 nicolas
543 658 681 746 intelligit
701 663 837 748 antiquos
852 679 881 727 et
903 679 1020 728 sanctos
1034 664 1171 730 homines
1199 667 1249 750 qui
1278 667 1469 750 predixerunt
1489 687 1592 730 casum
1614 681 1695 730 tante

414 779 505 823 turne.

493 861 647 945 Peregrina
657 879 671 928 .·
691 861 891 926 cardinalium
913 865 1046 927 Romane
1061 865 1160 940 curie,
1173 866 1242 948 quia
1259 885 1335 927 unus
1350 864 1506 928 cardinalis
1521 865 1697 950 procurabat

416 972 448 1022 ut
468 978 560 1043 nepos
586 959 646 1023 dux
672 960 803 1043 durachij
833 976 940 1024 esset...
962 964 1091 1025 Berones
1118 965 1212 1046 regni,
1232 964 1283 1048 qui
1305 985 1375 1028 cunt
1401 963 1535 1029 Iohanne
1564 965 1698 1029 lascivire

416 1072 563 1141 ceperant,
587 1060 726 1122 timentes
749 1080 785 1121 ne
807 1060 938 1122 Andreas
961 1077 1164 1136 coronaretur,
1190 1084 1258 1125 cum
1280 1061 1428 1125 clemente
1450 1084 1523 1147 papa
1544 1079 1574 1127 et
1600 1065 1699 1147 impe-

416 1156 500 1219 diunt
520 1172 550 1221 ct
571 1158 775 1221 cardinalibus
797 1162 835 1222 Et
856 1159 992 1244 denique,
1014 1181 1083 1223 curn
1106 1160 1237 1223 lohanna
1260 1177 1387 1223 mmtem
1418 1162 1535 1225 hadrec
1563 1162 1699 1239 soluerit,

417 1270 447 1319 et
467 1257 496 1318 in
519 1260 628 1320 Aversa
650 1258 770 1321 cititate
790 1279 860 1320 eunt
881 1274 972 1321 noctu
993 1260 1030 1322 de
1051 1260 1184 1323 thalamo
1205 1277 1364 1323 elocatum
1379 1259 1487 1344 laqueo
1508 1262 1699 1346 suspendunt.

419 1359 450 1418 ln
476 1355 619 1419 ultionem
647 1357 742 1420 fratris
770 1357 938 1422 bodonicus
967 1361 1029 1424 Rex
1058 1361 1192 1445 Ungarie
1223 1362 1305 1423 venit
1336 1374 1366 1423 et
1395 1358 1481 1423 multi
1510 1361 1604 1445 puniti
1631 1376 1700 1426 sunt

436 1455 589 1541 duces(t.)

497 1556 667 1640 varnpnn:
687 1557 830 1641 Virgilius
851 1556 963 1619 dudum
984 1557 1020 1620 de
1042 1577 1115 1622 nece
1136 1558 1201 1622 Iulii
1224 1559 1342 1622 Cesaris
1367 1559 1499 1622 camnine
1520 1557 1598 1636 lecit,
1619 1573 1649 1623 et
1669 1574 1702 1622 tu

418 1656 455 1721 de
475 1660 572 1720 morte
593 1655 709 1721 llndree
731 1659 807 1741 regis
829 1656 960 1721 Roberti.
982 1658 1029 1721 hic
1058 1674 1146 1721 autor
1173 1659 1308 1721 imitatur
1329 1652 1701 1743 Virgilit'tm‘de‘e'glo'ga:
1723 1657 1728 1665 '

421 1758 484 1822 Cur
503 1778 559 1819 non
585 1758 693 1841 Mopse.
722 1791 743 1805 -
768 1756 862 1824 silue:
889 1757 1075 1841 neapolitane
1103 1759 1239 1822 civitatis.
1268 1759 1376 1835 -Qnis
1399 1764 1566 1843 prenoscet:
1586 1774 1705 1843 propter

420 1858 573 1921 scientiam
594 1854 754 1940 astrologie
774 1855 871 1919 futura
893 1857 1034 1921 noscebat
1055 1873 1084 1921 et
1105 1880 1158 1921 sua
1187 1860 1297 1920 virtute
1318 1856 1555 1941 prudentissima.
1575 1892 1586 1905 ·
1601 1857 1706 1943 seras:

420 1955 561 2021 crudeles.
583 1991 603 2004 -
622 1949 718 2023 rnen:
738 1957 909 2019 insensatos.
931 1993 952 2005 -
970 1959 1041 2023 olrtl
1062 1956 1200 2043 longam:
1219 1960 1287 2042 quia
1304 1958 1456 2021 nocturnis
1478 1957 1586 2042 vigiliis
1608 1956 1706 2021 studio

422 2057 536 2143 poetice
556 2055 701 2119 facultatis
723 2071 752 2119 et
772 2055 836 2140 alijs
857 2058 995 2119 scientiis.
1017 2093 1038 2105 -
1061 2059 1133 2135 Quis
1154 2057 1291 2123 terrebit:
1307 2056 1412 2135 laudat
1426 2078 1443 2119 a
1458 2056 1628 2120 fortitudine
1648 2078 1706 2143 qua

422 2156 589 2241 perdomuit
609 2157 754 2218 maximos
782 2171 812 2219 et
839 2155 951 2219 seroces
982 2172 1012 2219 et
1039 2156 1182 2240 superbos
1213 2157 1361 2232 dominos,
1383 2172 1412 2220 et
1440 2158 1529 2219 etiam
1551 2155 1651 2220 laudat
1670 2157 1708 2220 ab

422 2258 538 2321 astutia.
559 2291 579 2304 -
607 2256 679 2317 setin
706 2255 817 2321 inritis:
845 2257 954 2320 astutia
982 2256 1117 2341 capiebat
1144 2258 1356 2320 inconstantes.
1378 2291 1399 2303 -
1418 2258 1518 2323 visto:
1543 2256 1667 2320 cautela.
1686 2290 1708 2305 -

422 2374 511 2422 aues:
532 2370 684 2440 magnates
705 2355 742 2417 ad
769 2355 827 2417 alta
855 2354 999 2419 volantes.
1020 2391 1041 2402 -
1064 2357 1137 2432 Qnis
1161 2354 1307 2441 flarrrtine:
1335 2354 1436 2419 laudat
1463 2378 1480 2419 a
1508 2355 1629 2442 physica
1650 2376 1708 2441 qua

423 2454 544 2519 sanabat
565 2470 694 2539 egrotos.
715 2490 736 2502 -
757 2456 830 2531 Quis
850 2474 957 2521 suern:
981 2455 1172 2518 commendat
1199 2478 1215 2518 a
1244 2476 1327 2518 saera
1355 2454 1517 2540 theologia.
1537 2491 1558 2504 -
1581 2455 1710 2522 Ciielrs:

424 2569 519 2619 mater
537 2555 671 2617 omnium
691 2555 826 2627 deorum,
841 2556 917 2618 sicut
940 2556 1034 2639 Virgo
1056 2557 1150 2618 Maria
1165 2570 1260 2618 mater
1277 2572 1323 2618 est
1341 2557 1477 2618 omnium
1492 2557 1709 2619 cristianorum.

424 2654 600 2721 -Admetis
620 2652 752 2718 fabulose
772 2653 853 2717 dicit.
880 2654 992 2738 phebus
1025 2657 1156 2740 paritio
1186 2654 1310 2718 tltesnlia
1336 2656 1420 2717 annis
1441 2655 1557 2719 duobus
1577 2673 1710 2719 annenta

427 2753 502 2838 regis
523 2752 662 2841 Admeti;
684 2754 767 2816 Sicut
796 2755 901 2815 cristus
929 2775 1048 2816 carnem
1070 2775 1190 2816 sumens
1220 2776 1255 2815 ex
1284 2755 1378 2817 Maria
1408 2755 1590 2845 Virgine·
1570 2758 1709 2843 -ann

425 2859 601 2919 noceamus:
619 2837 809 2916 commendat
829 2853 895 2917 ab'
887 2855 1008 2932 lustitia,
1021 2875 1080 2940 qua
1098 2853 1239 2938 puniebat
1255 2874 1366 2917 reos·
1346 2807 1491 2930 -Qneslt
1489 2834 1622 2921 institit:
1642 2854 1711 2917 lau-

502 3288 542 3351 (t)
561 3281 616 3359 [Cr]
635 3287 735 3337 Silvius
744 3302 755 3336 ι
773 3284 824 3336 Hic
842 3285 923 3353 ydeus
941 3284 1034 3337 iterum
1054 3283 1192 3337 introducit
1211 3284 1314 3336 silvium
1333 3284 1542 3354 adloquendum
1562 3283 1614 3336 fitie
1631 3284 1714 3337 amico

426 3392 476 3428 sno
494 3377 527 3428 de
544 3376 666 3444 querela;
685 3393 745 3427 nam
771 3376 896 3427 Barbatus
915 3376 1029 3428 existens
1056 3377 1179 3428 Sulmone
1198 3376 1301 3444 scripsit
1325 3375 1410 3428 autori
1435 3376 1528 3427 multas
1548 3375 1669 3444 epistulas
1689 3384 1714 3427 et

425 3456 484 3535 lpse
501 3466 631 3535 rescripsit
649 3467 768 3518 barbato.
788 3495 796 3506 ·
815 3470 907 3533 rupis:
926 3468 1022 3518 montis
1041 3466 1192 3535 appennini.
1212 3496 1221 3506 ·
1238 3468 1323 3517 obice:
1343 3466 1438 3518 montis
1450 3465 1599 3534 appennini.
1618 3494 1627 3504 ·
1645 3482 1715 3516 nanee

427 3564 558 3609 comante:
576 3573 622 3609 sen
639 3558 774 3609 arboribus
794 3557 888 3610 montis
908 3557 1059 3625 appennini,
1078 3557 1119 3609 vel
1142 3575 1215 3610 ramo
1232 3556 1298 3609 lauri
1317 3574 1370 3625 quo
1387 3568 1524 3609 coronatus
1543 3556 1589 3607 t'uit
1608 3557 1634 3608 d.
1653 3556 1670 3608 l'.
1690 3574 1716 3624 p.

427 3647 456 3700 in
472 3647 600 3716 capitolio.
619 3648 715 3700 -Nota
733 3648 774 3699 hic
793 3648 988 3716 temperantiam
1012 3648 1157 3717 sapientum
1178 3647 1233 3717 qui,
1258 3648 1317 3700 licet
1342 3647 1369 3698 in
1388 3646 1543 3698 adversitate
1563 3646 1717 3715 affligantur,

428 3747 513 3791 mmm
531 3755 584 3791 non
602 3748 771 3807 prorumpunt
789 3739 823 3808 ntl
842 3738 966 3807 gemitum
992 3749 1017 3791 et
1041 3740 1170 3806 plantum.
1190 3768 1199 3778 ·
1216 3755 1337 3789 orsesium
1346 3753 1357 3787 .·
1375 3754 1391 3788 a
1409 3736 1572 3789 demonibus.
1591 3766 1600 3776 ·
1618 3740 1718 3789 imane:

428 3844 515 3897 regem
532 3829 663 3881 andream.
681 3857 691 3869 ·
708 3843 841 3880 venerem:
860 3829 960 3897 Regina
986 3828 1141 3881 Iolranna.·
1168 3830 1250 3881 Sibiln
1261 3844 1272 3878 ι
1292 3828 1481 3880 susurrationes
1507 3827 1577 3879 curie
1601 3828 1718 3880 Romane

427 3918 456 3971 in
473 3918 611 3972 Atinione.
623 3948 632 3959 ·
640 3921 774 3987 palustri:
792 3936 823 3971 ex
840 3920 912 3971 enria
931 3936 1037 3971 romam
1056 3937 1106 3988 que
1125 3929 1179 3971 erat
1198 3919 1225 3970 in
1244 3918 1384 3980 Arinione,
1403 3936 1435 3970 ex
1459 3935 1511 3985 qua
1530 3913 1648 3970 seandala
1661 3934 1719 3985 pro-

428 4018 567 4063 cesserant.
593 4017 618 4061 et
643 4009 720 4073 dieit;
745 4028 776 4063 ex
803 4010 875 4070 limo,
893 4028 953 4062 nam
979 4011 1006 4061 in
1024 4010 1096 4062 curia
1114 4028 1205 4062 omnes
1224 4009 1334 4079 pecuma
1352 4019 1561 4077 corrumpuntur,
1582 4008 1667 4060 omnia
1687 4024 1718 4058 ex

428 4100 499 4153 liuto.
517 4128 527 4140 ·
544 4117 622 4153 assem
631 4116 642 4152 ι
661 4100 688 4152 in
708 4100 816 4154 ltaliam.
830 4130 844 4170 ,-
859 4120 956 4168 grues:
976 4103 1071 4170 probos
1091 4101 1169 4153 viros.
1187 4130 1197 4140 ·
1215 4116 1328 4167 sicergos:
1347 4117 1392 4151 seu
1411 4117 1513 4151 scurras
1531 4110 1557 4150 et
1575 4098 1718 4166 proditores

429 4190 475 4260 qni
491 4190 619 4243 faciebam
645 4191 732 4260 regine
760 4202 786 4245 et
813 4193 894 4245 malos
921 4192 1039 4244 homines
1065 4202 1171 4260 prontos
1190 4192 1224 4242 ad
1249 4190 1416 4259 decipiendos
1440 4189 1560 4242 homines
1576 4172 1719 4255 simplices,

429 4289 507 4349 prout
519 4281 605 4348 mergi
623 4283 656 4334 ad
674 4281 850 4351 accipiendum
870 4283 952 4351 pisces
976 4282 1003 4334 in
1028 4282 1112 4351 nquis.
1131 4312 1140 4322 ·
1158 4297 1262 4333 rorans:
1282 4281 1351 4333 viros
1375 4280 1479 4349 gerulos
1504 4289 1529 4331 et
1553 4277 1720 4330 carnifices.-

423 4371 545 4439 saliens:
558 4388 618 4424 aves
636 4373 811 4440 vagabundas.
823 4373 880 4445 [Ca]
892 4373 1009 4425 homines
1022 4374 1160 4442 sapientes.
1174 4403 1182 4413 ·
1194 4375 1303 4424 e‘elntnm
1312 4388 1323 4421 .·
1337 4372 1393 4424 nelo
1406 4387 1579 4422 monacarutn.
1592 4397 1600 4407 ·
1607 4369 1702 4434 plu-iun
1708 4383 1719 4418 ι

430 4462 534 4525 luname
558 4460 699 4531 perquam
718 4463 832 4531 intellige
852 4464 967 4531 reginam
987 4463 1100 4516 Uxorem
1120 4463 1187 4532 regis
1206 4463 1324 4522 Roberti.
1339 4478 1393 4530 que
1413 4460 1518 4513 intravit
1537 4458 1720 4510 monasterium

431 4563 457 4606 et
475 4570 503 4607 se
519 4553 613 4607 dicarit
624 4554 722 4608 Sancte
741 4555 823 4615 Clare,
843 4550 898 4628 [Ca]
918 4565 1004 4608 sancte
1023 4555 1185 4607 Katerinem
1204 4555 1274 4605 Sils'
1257 4555 1342 4603 ιιιιιΙι
1354 4551 1403 4603 riri
1422 4553 1561 4619 prudentes
1580 4550 1612 4600 de
1632 4565 1721 4616 regno.

431 4637 486 4716 [Ca]
503 4642 579 4695 Ponit
595 4643 665 4710 qnod
680 4642 754 4695 multi
766 4643 883 4696 homines
896 4645 929 4695 de
942 4661 1022 4711 regno
1035 4644 1083 4694 lroe
1094 4660 1156 4710 pret
1158 4642 1260 4694 iderunt
1274 4652 1300 4693 et
1313 4640 1511 4708 predixerunt.-
1502 4640 1602 4689 -nblit'
1587 4656 1617 4689 'aa
1630 4653 1721 4688 enarer:

431 4732 610 4787 obliviscamur
627 4735 660 4786 ne
679 4744 760 4787 morte
780 4734 858 4803 regis.

1649 4825 1681 4857 xa
