4125 5217
412 400 470 448 102
912 394 1062 443 turonio
1086 393 1191 441 AVHNA

411 537 444 545 -·
453 537 473 544 ..-
478 533 746 544 ...u-*ma-
751 530 933 540 ...υ-...-

409 664 555 745 Nonne
584 688 698 767 grues
731 657 930 766 profugas,
960 677 1171 764 turpesque
1200 655 1246 738 ad
1276 654 1390 738 litora
1420 661 1602 765 mergos?

410 791 519 872 Num
550 814 704 881 corros,
736 783 950 892 fulicasque
979 811 1110 889 vagas,
1142 810 1237 864 num
1267 782 1390 864 sidera
1419 805 1542 866 mesta
1672 825 1698 865 so

411 917 593 999 Vidimus
622 934 659 997 et
689 914 827 996 nimbo
858 911 1022 995 relatam
1054 910 1253 994 abscedere
1285 909 1451 1006 Plreben,

411 1045 518 1126 Turn
550 1071 625 1150 que
656 1040 778 1122 molta
807 1039 905 1123 oiim
937 1039 1129 1120 nascentis
1159 1040 1270 1145 signa
1301 1039 1467 1147 procelle

412 1170 597 1253 Silsicole
628 1169 798 1251 cecinere
827 1168 965 1248 senes?
995 1164 1070 1247 Sed
1100 1162 1195 1246 serre
1226 1193 1378 1247 necesse
1407 1185 1474 1248 est.

412 1300 493 1381 Hec
522 1318 585 1393 est.
609 1298 687 1378 vita
717 1294 942 1387 hominum,
973 1290 1118 1384 Piritia;
1149 1292 1204 1374 sic
1234 1289 1307 1374 leta
1336 1290 1515 1375 dolendis

412 1424 586 1507 Alternat
616 1421 771 1506 fortuna
802 1419 919 1503 feros.
952 1419 1022 1500 Eat
1051 1417 1188 1501 ordine
1218 1418 1388 1500 mundus
1674 1461 1699 1500 ss

412 1553 611 1659 Antiquo;
642 1548 757 1631 nobis
788 1575 916 1629 rerum
946 1546 1182 1654 experientia
1212 1546 1359 1654 prosit:

412 1678 510 1775 Quo
539 1706 631 1783 gres
661 1703 830 1784 cumque
861 1676 978 1757 miser
1007 1674 1137 1767 ruerit,
1159 1668 1368 1756 consistere
1395 1672 1573 1781 pulcrum
1594 1695 1661 1757 est.
1691 1726 1699 1733 -

412 1852 435 1865 -
465 1802 562 1885 Care
591 1802 712 1885 michi
743 1804 782 1884 in
814 1801 952 1910 primis
981 1821 1019 1883 et
1047 1827 1202 1908 semper
1231 1799 1399 1882 maxime
1428 1798 1539 1896 Silvi,

412 1927 630 2037 Respondit
661 1928 820 2023 PlritiaS,
851 1925 1003 2022 oculos
1033 1946 1070 2008 te
1100 1925 1274 2022 consule,
1305 1946 1473 2033 tergam;

413 2055 477 2137 Tu
508 2054 645 2149 mod0‚
675 2054 707 2136 si
738 2052 843 2162 quod
873 2051 991 2135 habes
1022 2051 1157 2135 damni
1186 2052 1363 2135 solamen
1394 2052 1531 2149 acerbi,
1675 2085 1702 2123 ω

413 2182 667 2288 Tempestiva
696 2208 832 2287 graves
864 2179 1032 2262 relevent
1062 2177 1210 2261 oblivia
1239 2208 1361 2262 casus
1393 2229 1415 2242 -

412 2357 434 2370 -
467 2310 566 2404 lum,
597 2308 650 2389 ait
678 2306 756 2402 ille,
786 2326 899 2388 tuum
929 2328 985 2390 est
1015 2336 1092 2416 que
1121 2305 1280 2389 condita
1309 2309 1479 2391 carmina
1507 2335 1634 2390 servas

414 2435 572 2516 Mecum
605 2435 757 2541 partiri:
790 2433 968 2541 Daphnis
999 2432 1223 2541 pastoribus
1253 2433 1364 2529 oiim,

413 2561 460 2643 Et
488 2559 558 2641 tibi
590 2587 694 2641 nunc
724 2560 862 2668 ingens
893 2560 1035 2642 merito
1065 2558 1282 2643 cantabitur
1312 2562 1459 2682 Argus..

412 2687 524 2784 Quid
553 2685 623 2769 tibi
655 2714 733 2768 non
766 2685 893 2778 nobis,
927 2686 1104 2769 Piritias?
1135 2715 1229 2768 num
1251 2710 1292 2769 tu
1323 2716 1479 2796 quoque
1510 2717 1702 2771 carmena

415 2814 590 2919 Argeum
621 2813 791 2895 vocitare
821 2814 939 2896 libet?
968 2815 1102 2897 Nimis
1131 2816 1266 2897 omnia
1295 2814 1405 2897 celas.
1437 2864 1458 2875 -

415 2988 437 3001 -
469 2941 621 3049 Incipe;
654 2940 752 3023 forte
781 2970 931 3050 sequar,
962 2943 1037 3024 nisi
1067 2969 1144 3024 vos
1173 2962 1240 3025 tua
1268 2962 1415 3038 terreat,
1445 2992 1467 3003 -
1499 2943 1624 3051 inquit

415 3065 574 3148 Silvius.
606 3065 676 3149 lile
704 3067 780 3150 alta
809 3066 923 3176 fregit
951 3068 1120 3176 suspiria
1149 3096 1265 3151 voce:
1431 3157 1433 3161 ,

198 3200 297 3282 Ppir.
373 3195 534 3305 (pirgo
564 3193 680 3275 decos
712 3197 863 3276 rerum!
892 3194 999 3277 Silue
1027 3195 1154 3292 dolor,
1186 3197 1301 3305 Arge,
1332 3196 1481 3280 relicte!

417 3322 503 3401 Hoc
534 3319 642 3402 licuit
674 3321 804 3428 rapide
833 3349 943 3403 sacro
973 3321 1020 3403 de
1050 3350 1213 3430 corpore
1243 3324 1388 3406 morti?

416 3449 505 3528 Hoc
535 3476 628 3528 ausa
656 3468 712 3530 est
742 3445 884 3530 tellus?
913 3468 962 3543 te,
993 3449 1059 3556 qui
1089 3449 1278 3533 stellantis
1308 3450 1463 3558 Olimpi

410 3575 496 3676 jam
527 3573 637 3655 solus
668 3595 862 3682 spectator
891 3603 985 3671 eras,
1015 3575 1161 3659 humus
1191 3577 1321 3660 obruit
1350 3581 1454 3660 atra?

416 3699 514 3793 Quo
544 3696 666 3795 favor,
697 3718 732 3780 et
764 3701 885 3782 nostri
917 3699 1026 3807 redijt
1057 3730 1136 3809 quo
1165 3702 1291 3810 gloria
1319 3704 1437 3786 secli?

417 3824 522 3921 Quis
550 3846 800 3932 tempestates
831 3847 1034 3934 prenoscet
1064 3829 1111 3911 ab
1140 3829 1267 3912 ethere
1296 3830 1442 3937 longe?

416 3951 520 4048 Quis
552 3951 672 4033 michi
703 3981 799 4034 soce
829 3952 926 4036 feras
957 3984 1199 4065 quercusque
1228 3977 1263 4039 et
1292 3987 1381 4040 saxa
1411 3958 1596 4055 movebit,
1681 4000 1704 4038 rs

415 4079 496 4159 Aut
525 4077 687 4185 longam
720 4079 824 4162 dulci
855 4081 1027 4165 traducet
1056 4085 1227 4166 carmine
1258 4089 1441 4167 noctem?

416 4203 520 4300 Quis
550 4204 704 4287 terrebit
735 4211 876 4314 apros?
907 4210 994 4317 quis
1024 4211 1154 4293 tendet
1184 4212 1275 4295 retia
1304 4212 1499 4295 dammis?

419 4330 523 4426 Quis
555 4333 662 4413 risco
694 4334 861 4441 captabit
891 4340 1006 4418 aves?
1037 4338 1137 4445 quis,
1168 4336 1330 4421 flumine
1361 4369 1551 4446 mergens,

415 4458 499 4540 Ab!
531 4461 691 4542 miseras
722 4461 870 4546 curabit
900 4467 1021 4546 oses?
1051 4466 1139 4575 quis
1169 4496 1273 4550 sacra
1303 4467 1467 4563 CibeleS,

485 4680 514 4730 V.
535 4693 586 4746 51:
608 4682 707 4748 phelren
730 4684 784 4733 ·V.
807 4696 855 4749 54:
877 4686 957 4751 phitia
976 4687 1028 4744 ·V.
1050 4687 1101 4753 56:
1121 4688 1203 4739 Nobis
1224 4689 1279 4741 ·V.
1300 4700 1371 4755 59¹1·
1390 4691 1441 4756 65:
1461 4691 1554 4758 phitius
1573 4692 1624 4743 ·V.
1647 4692 1701 4743 66:

410 4769 487 4821 nimis
506 4800 514 4809 ·
535 4771 566 4822 V.
588 4782 617 4835 i'
633 4793 637 4802 ·
657 4773 756 4838 «dirupi.
