<?xml version="1.0" encoding="UTF-8"?>
<!DOCTYPE html PUBLIC "-//W3C//DTD XHTML 1.0 Transitional//EN"
    "http://www.w3.org/TR/xhtml1/DTD/xhtml1-transitional.dtd">
<html xmlns="http://www.w3.org/1999/xhtml" xml:lang="en" lang="en">
 <head>
  <title>
</title>
<meta http-equiv="Content-Type" content="text/html;charset=utf-8" />
  <meta name='ocr-system' content='tesseract 3.04.00' />
  <meta name='ocr-capabilities' content='ocr_page ocr_carea ocr_par ocr_line ocrx_word'/>
</head>
<body>
  <div class='ocr_page' id='page_1' title='image "./ilbucolicumcarm00avengoog_0273.png"; bbox 0 0 4125 5217; ppageno 0'>
   <div class='ocr_carea' id='block_1_1' title="bbox 195 3688 335 3743">
    <p class='ocr_par' dir='ltr' id='par_1_1' title="bbox 195 3688 335 3743">
     <span class='ocr_line' id='line_1_1' title="bbox 195 3688 335 3743; baseline -0.007 -10"><span class='ocrx_word' id='word_1_1' title='bbox 195 3705 216 3733; x_wconf 82' lang='lat' dir='ltr'><strong>s.</strong></span> <span class='ocrx_word' id='word_1_2' title='bbox 233 3688 335 3743; x_wconf 70' lang='lat' dir='ltr'><strong>rer-bne</strong></span> 
     </span>
    </p>
   </div>
   <div class='ocr_carea' id='block_1_2' title="bbox 842 378 1666 466">
    <p class='ocr_par' dir='ltr' id='par_1_2' title="bbox 842 378 1666 466">
     <span class='ocr_line' id='line_1_2' title="bbox 842 378 1666 466; baseline -0.004 -20"><span class='ocrx_word' id='word_1_3' title='bbox 842 396 873 446; x_wconf 83' lang='lat' dir='ltr'><strong>rr</strong></span> <span class='ocrx_word' id='word_1_4' title='bbox 897 396 1082 446; x_wconf 81' lang='lat' dir='ltr'><strong>sucorrcurr</strong></span> <span class='ocrx_word' id='word_1_5' title='bbox 1104 396 1233 446; x_wconf 76' lang='lat' dir='ltr'><strong>cntueu</strong></span> <span class='ocrx_word' id='word_1_6' title='bbox 1603 378 1666 466; x_wconf 83' lang='lat'><strong>263</strong></span> 
     </span>
    </p>
   </div>
   <div class='ocr_carea' id='block_1_3' title="bbox 398 656 1772 2240">
    <p class='ocr_par' dir='ltr' id='par_1_3' title="bbox 398 656 1772 2240">
     <span class='ocr_line' id='line_1_3' title="bbox 398 656 1668 742; baseline -0.004 -21"><span class='ocrx_word' id='word_1_7' title='bbox 398 678 503 721; x_wconf 84' lang='lat' dir='ltr'><strong>aratos</strong></span> <span class='ocrx_word' id='word_1_8' title='bbox 522 658 573 742; x_wconf 87' lang='lat' dir='ltr'><strong>qui</strong></span> <span class='ocrx_word' id='word_1_9' title='bbox 594 678 699 739; x_wconf 84' lang='lat' dir='ltr'><strong>aurum</strong></span> <span class='ocrx_word' id='word_1_10' title='bbox 720 656 891 723; x_wconf 88' lang='lat' dir='ltr'><strong>custodiunt</strong></span> <span class='ocrx_word' id='word_1_11' title='bbox 918 672 947 721; x_wconf 92' lang='lat' dir='ltr'><strong>et</strong></span> <span class='ocrx_word' id='word_1_12' title='bbox 972 657 1119 720; x_wconf 87' lang='lat' dir='ltr'><strong>nerninem</strong></span> <span class='ocrx_word' id='word_1_13' title='bbox 1146 657 1318 742; x_wconf 91' lang='lat' dir='ltr'><strong>permittunt</strong></span> <span class='ocrx_word' id='word_1_14' title='bbox 1346 657 1523 740; x_wconf 78' lang='lat' dir='ltr'><strong>contingere.</strong></span> <span class='ocrx_word' id='word_1_15' title='bbox 1546 659 1668 721; x_wconf 81' lang='lat' dir='ltr'><strong>Romani</strong></span> 
     </span>
     <span class='ocr_line' id='line_1_4' title="bbox 399 756 1667 843; baseline -0.002 -22"><span class='ocrx_word' id='word_1_16' title='bbox 399 773 500 822; x_wconf 86' lang='lat' dir='ltr'><strong>autem</strong></span> <span class='ocrx_word' id='word_1_17' title='bbox 525 775 738 843; x_wconf 80' lang='lat' dir='ltr'><strong>superauerunt</strong></span> <span class='ocrx_word' id='word_1_18' title='bbox 764 757 831 820; x_wconf 85' lang='lat' dir='ltr'><strong>illos</strong></span> <span class='ocrx_word' id='word_1_19' title='bbox 858 771 888 821; x_wconf 90' lang='lat' dir='ltr'><strong>et</strong></span> <span class='ocrx_word' id='word_1_20' title='bbox 914 759 1014 820; x_wconf 82' lang='lat' dir='ltr'><strong>bmuir</strong></span> <span class='ocrx_word' id='word_1_21' title='bbox 1041 756 1235 835; x_wconf 78' lang='lat' dir='ltr'><strong>abstulerunt,</strong></span> <span class='ocrx_word' id='word_1_22' title='bbox 1263 760 1446 840; x_wconf 79' lang='lat' dir='ltr'>Romamque</span> <span class='ocrx_word' id='word_1_23' title='bbox 1472 758 1626 819; x_wconf 82' lang='lat' dir='ltr'><strong>duxerunt.</strong></span> <span class='ocrx_word' id='word_1_24' title='bbox 1648 793 1667 804; x_wconf 93' lang='lat'><strong>·</strong></span> 
     </span>
     <span class='ocr_line' id='line_1_5' title="bbox 400 854 1668 942; baseline -0.002 -21"><span class='ocrx_word' id='word_1_25' title='bbox 400 877 500 921; x_wconf 84' lang='lat' dir='ltr'><strong>rrsrrm:</strong></span> <span class='ocrx_word' id='word_1_26' title='bbox 527 859 730 923; x_wconf 85' lang='lat' dir='ltr'><strong>Rouranorum</strong></span> <span class='ocrx_word' id='word_1_27' title='bbox 761 859 919 921; x_wconf 86' lang='lat' dir='ltr'><strong>uictorum.</strong></span> <span class='ocrx_word' id='word_1_28' title='bbox 946 891 967 905; x_wconf 90' lang='lat'>-</span> <span class='ocrx_word' id='word_1_29' title='bbox 997 856 1119 942; x_wconf 71' lang='lat' dir='ltr'><strong>informi</strong></span> <span class='ocrx_word' id='word_1_30' title='bbox 1132 880 1140 921; x_wconf 74' lang='grc' dir='ltr'>ι</span> <span class='ocrx_word' id='word_1_31' title='bbox 1171 856 1317 921; x_wconf 74' lang='lat' dir='ltr'><strong>commeli.</strong></span> <span class='ocrx_word' id='word_1_32' title='bbox 1346 890 1366 905; x_wconf 92' lang='lat'><strong>·</strong></span> <span class='ocrx_word' id='word_1_33' title='bbox 1390 854 1501 919; x_wconf 82' lang='lat' dir='ltr'><strong>bellun:</strong></span> <span class='ocrx_word' id='word_1_34' title='bbox 1533 855 1668 942; x_wconf 86' lang='lat' dir='ltr'><strong>eleplras:</strong></span> 
     </span>
     <span class='ocr_line' id='line_1_6' title="bbox 400 954 1671 1048; baseline -0.002 -28"><span class='ocrx_word' id='word_1_35' title='bbox 400 957 478 1041; x_wconf 90' lang='lat' dir='ltr'><strong>apud</strong></span> <span class='ocrx_word' id='word_1_36' title='bbox 498 956 584 1022; x_wconf 88' lang='lat' dir='ltr'><strong>indos</strong></span> <span class='ocrx_word' id='word_1_37' title='bbox 610 956 780 1041; x_wconf 76' lang='lat' dir='ltr'>elephantes</span> <span class='ocrx_word' id='word_1_38' title='bbox 807 972 886 1048; x_wconf 83' lang='lat' dir='ltr'><strong>sunt,</strong></span> <span class='ocrx_word' id='word_1_39' title='bbox 906 978 993 1042; x_wconf 87' lang='lat' dir='ltr'><strong>supra</strong></span> <span class='ocrx_word' id='word_1_40' title='bbox 1019 956 1123 1020; x_wconf 82' lang='lat' dir='ltr'><strong>dorsus</strong></span> <span class='ocrx_word' id='word_1_41' title='bbox 1150 976 1276 1042; x_wconf 89' lang='lat' dir='ltr'><strong>quorum</strong></span> <span class='ocrx_word' id='word_1_42' title='bbox 1305 970 1398 1019; x_wconf 88' lang='lat' dir='ltr'><strong>turres</strong></span> <span class='ocrx_word' id='word_1_43' title='bbox 1425 954 1602 1020; x_wconf 79' lang='lat' dir='ltr'><strong>fabricantur</strong></span> <span class='ocrx_word' id='word_1_44' title='bbox 1602 1003 1671 1019; x_wconf 91' lang='grc'><strong>.......</strong></span> 
     </span>
     <span class='ocr_line' id='line_1_7' title="bbox 400 1055 1772 1141; baseline -0.004 -22"><span class='ocrx_word' id='word_1_45' title='bbox 400 1055 540 1120; x_wconf 80' lang='lat' dir='ltr'>hannibal</span> <span class='ocrx_word' id='word_1_46' title='bbox 560 1056 670 1119; x_wconf 88' lang='lat' dir='ltr'><strong>multos</strong></span> <span class='ocrx_word' id='word_1_47' title='bbox 698 1058 728 1120; x_wconf 92' lang='lat' dir='ltr'><strong>in</strong></span> <span class='ocrx_word' id='word_1_48' title='bbox 750 1055 863 1120; x_wconf 81' lang='lat' dir='ltr'><strong>ltaliam</strong></span> <span class='ocrx_word' id='word_1_49' title='bbox 892 1055 986 1119; x_wconf 78' lang='lat' dir='ltr'><strong>duxit.</strong></span> <span class='ocrx_word' id='word_1_50' title='bbox 1007 1091 1018 1104; x_wconf 93' lang='lat'><strong>·</strong></span> <span class='ocrx_word' id='word_1_51' title='bbox 1039 1064 1146 1118; x_wconf 80' lang='lat' dir='ltr'><strong>monte:</strong></span> <span class='ocrx_word' id='word_1_52' title='bbox 1167 1057 1306 1140; x_wconf 82' lang='lat' dir='ltr'><strong>Tarpeio.</strong></span> <span class='ocrx_word' id='word_1_53' title='bbox 1333 1090 1353 1103; x_wconf 90' lang='lat'><strong>·</strong></span> <span class='ocrx_word' id='word_1_54' title='bbox 1377 1062 1489 1141; x_wconf 75' lang='lat' dir='ltr'><strong>patrer:</strong></span> <span class='ocrx_word' id='word_1_55' title='bbox 1515 1072 1671 1121; x_wconf 84' lang='lat' dir='ltr'><strong>senatores.</strong></span> <span class='ocrx_word' id='word_1_56' title='bbox 1770 1111 1772 1113; x_wconf 78' lang='grc'>,</span> 
     </span>
     <span class='ocr_line' id='line_1_8' title="bbox 399 1153 1681 1243; baseline -0.001 -25"><span class='ocrx_word' id='word_1_57' title='bbox 399 1162 516 1243; x_wconf 82' lang='lat' dir='ltr'><strong>postor:</strong></span> <span class='ocrx_word' id='word_1_58' title='bbox 539 1159 560 1220; x_wconf 89' lang='lat'><strong>1.</strong></span> <span class='ocrx_word' id='word_1_59' title='bbox 580 1157 681 1233; x_wconf 88' lang='lat' dir='ltr'><strong>Cesar,</strong></span> <span class='ocrx_word' id='word_1_60' title='bbox 702 1156 813 1218; x_wconf 83' lang='lat' dir='ltr'><strong>insidiis</strong></span> <span class='ocrx_word' id='word_1_61' title='bbox 835 1157 917 1219; x_wconf 90' lang='lat' dir='ltr'><strong>Bruti</strong></span> <span class='ocrx_word' id='word_1_62' title='bbox 939 1171 968 1218; x_wconf 93' lang='lat' dir='ltr'><strong>et</strong></span> <span class='ocrx_word' id='word_1_63' title='bbox 988 1156 1091 1219; x_wconf 83' lang='lat' dir='ltr'><strong>Cassii.</strong></span> <span class='ocrx_word' id='word_1_64' title='bbox 1112 1189 1131 1204; x_wconf 91' lang='lat'><em>-</em></span> <span class='ocrx_word' id='word_1_65' title='bbox 1152 1154 1278 1217; x_wconf 80' lang='lat' dir='ltr'><strong>Adonis:</strong></span> <span class='ocrx_word' id='word_1_66' title='bbox 1302 1153 1391 1218; x_wconf 90' lang='lat' dir='ltr'><strong>lulius</strong></span> <span class='ocrx_word' id='word_1_67' title='bbox 1412 1156 1509 1219; x_wconf 82' lang='lat' dir='ltr'>Cesar.</span> <span class='ocrx_word' id='word_1_68' title='bbox 1529 1189 1550 1203; x_wconf 92' lang='lat'>-</span> <span class='ocrx_word' id='word_1_69' title='bbox 1570 1165 1681 1241; x_wconf 80' lang='lat' dir='ltr'><strong>apros:-</strong></span> 
     </span>
     <span class='ocr_line' id='line_1_9' title="bbox 402 1253 1673 1341; baseline -0.001 -22"><span class='ocrx_word' id='word_1_70' title='bbox 402 1256 579 1323; x_wconf 86' lang='lat' dir='ltr'><strong>coniuratos.</strong></span> <span class='ocrx_word' id='word_1_71' title='bbox 600 1291 621 1305; x_wconf 92' lang='lat'>-</span> <span class='ocrx_word' id='word_1_72' title='bbox 640 1263 743 1341; x_wconf 80' lang='lat' dir='ltr'><strong>ruprrt:</strong></span> <span class='ocrx_word' id='word_1_73' title='bbox 764 1256 834 1340; x_wconf 83' lang='lat' dir='ltr'><strong>quia</strong></span> <span class='ocrx_word' id='word_1_74' title='bbox 854 1257 957 1339; x_wconf 34' lang='lat' dir='ltr'><strong>Roma·</strong></span> <span class='ocrx_word' id='word_1_75' title='bbox 970 1269 1058 1339; x_wconf 87' lang='lat' dir='ltr'><strong>caput</strong></span> <span class='ocrx_word' id='word_1_76' title='bbox 1078 1253 1156 1317; x_wconf 83' lang='lat' dir='ltr'><strong>orbis</strong></span> <span class='ocrx_word' id='word_1_77' title='bbox 1181 1268 1235 1317; x_wconf 86' lang='lat' dir='ltr'><strong>est.</strong></span> <span class='ocrx_word' id='word_1_78' title='bbox 1255 1289 1276 1303; x_wconf 92' lang='lat'>-</span> <span class='ocrx_word' id='word_1_79' title='bbox 1302 1253 1427 1317; x_wconf 88' lang='lat' dir='ltr'><strong>domus:</strong></span> <span class='ocrx_word' id='word_1_80' title='bbox 1448 1254 1602 1340; x_wconf 80' lang='lat' dir='ltr'><strong>tempium,</strong></span> <span class='ocrx_word' id='word_1_81' title='bbox 1621 1276 1673 1318; x_wconf 93' lang='lat' dir='ltr'><strong>seu</strong></span> 
     </span>
     <span class='ocr_line' id='line_1_10' title="bbox 402 1354 1671 1441; baseline -0.003 -20"><span class='ocrx_word' id='word_1_82' title='bbox 402 1377 469 1421; x_wconf 86' lang='lat' dir='ltr'><strong>area</strong></span> <span class='ocrx_word' id='word_1_83' title='bbox 489 1356 556 1434; x_wconf 87' lang='lat' dir='ltr'><strong>celi,</strong></span> <span class='ocrx_word' id='word_1_84' title='bbox 576 1377 635 1441; x_wconf 91' lang='lat' dir='ltr'><strong>que</strong></span> <span class='ocrx_word' id='word_1_85' title='bbox 654 1354 807 1419; x_wconf 75' lang='lat' dir='ltr'><strong>dicebatur</strong></span> <span class='ocrx_word' id='word_1_86' title='bbox 826 1354 900 1419; x_wconf 89' lang='lat' dir='ltr'><strong>cella</strong></span> <span class='ocrx_word' id='word_1_87' title='bbox 921 1355 995 1417; x_wconf 76' lang='lat' dir='ltr'><strong>ior-is</strong></span> <span class='ocrx_word' id='word_1_88' title='bbox 1015 1370 1077 1438; x_wconf 89' lang='lat' dir='ltr'><strong>opt.</strong></span> <span class='ocrx_word' id='word_1_89' title='bbox 1098 1376 1176 1417; x_wconf 83' lang='lat' dir='ltr'><strong>mar.</strong></span> <span class='ocrx_word' id='word_1_90' title='bbox 1195 1390 1206 1403; x_wconf 93' lang='lat'><strong>·</strong></span> <span class='ocrx_word' id='word_1_91' title='bbox 1227 1362 1344 1417; x_wconf 84' lang='lat' dir='ltr'><strong>rrntrrm:</strong></span> <span class='ocrx_word' id='word_1_92' title='bbox 1365 1354 1496 1418; x_wconf 83' lang='lat' dir='ltr'><strong>eristum.</strong></span> <span class='ocrx_word' id='word_1_93' title='bbox 1515 1390 1527 1404; x_wconf 91' lang='lat'><strong>·</strong></span> <span class='ocrx_word' id='word_1_94' title='bbox 1548 1355 1671 1418; x_wconf 68' lang='lat' dir='ltr'><strong>horn:</strong></span> 
     </span>
     <span class='ocr_line' id='line_1_11' title="bbox 403 1452 1675 1541; baseline -0.002 -21"><span class='ocrx_word' id='word_1_95' title='bbox 403 1458 498 1541; x_wconf 80' lang='lat' dir='ltr'><strong>Virgo</strong></span> <span class='ocrx_word' id='word_1_96' title='bbox 526 1457 629 1519; x_wconf 75' lang='lat' dir='ltr'><strong>Maria.</strong></span> <span class='ocrx_word' id='word_1_97' title='bbox 654 1490 675 1504; x_wconf 91' lang='lat'><strong>·</strong></span> <span class='ocrx_word' id='word_1_98' title='bbox 701 1453 838 1540; x_wconf 81' lang='lat' dir='ltr'><strong>superbo:</strong></span> <span class='ocrx_word' id='word_1_99' title='bbox 868 1453 958 1517; x_wconf 93' lang='lat' dir='ltr'><strong>nobili</strong></span> <span class='ocrx_word' id='word_1_100' title='bbox 987 1455 1154 1519; x_wconf 72' lang='lat' dir='ltr'><strong>Octauiano</strong></span> <span class='ocrx_word' id='word_1_101' title='bbox 1181 1457 1328 1539; x_wconf 81' lang='lat' dir='ltr'><strong>Augusto.</strong></span> <span class='ocrx_word' id='word_1_102' title='bbox 1356 1490 1376 1503; x_wconf 92' lang='lat'><em>-</em></span> <span class='ocrx_word' id='word_1_103' title='bbox 1403 1452 1545 1517; x_wconf 80' lang='lat' dir='ltr'><strong>Ebrrrrrr&#39;s:</strong></span> <span class='ocrx_word' id='word_1_104' title='bbox 1570 1453 1675 1517; x_wconf 87' lang='lat' dir='ltr'><strong>domus</strong></span> 
     </span>
     <span class='ocr_line' id='line_1_12' title="bbox 403 1553 1674 1640; baseline -0.002 -20"><span class='ocrx_word' id='word_1_105' title='bbox 403 1557 576 1640; x_wconf 83' lang='lat' dir='ltr'><strong>Scipionum</strong></span> <span class='ocrx_word' id='word_1_106' title='bbox 596 1554 749 1630; x_wconf 77' lang='lat' dir='ltr'><strong>dicebatur</strong></span> <span class='ocrx_word' id='word_1_107' title='bbox 769 1554 876 1616; x_wconf 84' lang='lat' dir='ltr'><strong>domus</strong></span> <span class='ocrx_word' id='word_1_108' title='bbox 897 1553 1045 1631; x_wconf 80' lang='lat' dir='ltr'><strong>Cornelia,</strong></span> <span class='ocrx_word' id='word_1_109' title='bbox 1065 1570 1094 1617; x_wconf 91' lang='lat' dir='ltr'><strong>et</strong></span> <span class='ocrx_word' id='word_1_110' title='bbox 1122 1575 1157 1616; x_wconf 80' lang='lat' dir='ltr'><strong>ex</strong></span> <span class='ocrx_word' id='word_1_111' title='bbox 1178 1555 1240 1617; x_wconf 88' lang='lat' dir='ltr'><strong>istis</strong></span> <span class='ocrx_word' id='word_1_112' title='bbox 1266 1553 1321 1617; x_wconf 84' lang='lat' dir='ltr'><strong>fuit</strong></span> <span class='ocrx_word' id='word_1_113' title='bbox 1342 1575 1417 1636; x_wconf 89' lang='lat' dir='ltr'><strong>unus</strong></span> <span class='ocrx_word' id='word_1_114' title='bbox 1437 1575 1525 1616; x_wconf 83' lang='lat' dir='ltr'>senex</span> <span class='ocrx_word' id='word_1_115' title='bbox 1545 1556 1595 1638; x_wconf 76' lang='lat' dir='ltr'><strong>qui</strong></span> <span class='ocrx_word' id='word_1_116' title='bbox 1615 1576 1674 1617; x_wconf 92' lang='lat' dir='ltr'><strong>non</strong></span> 
     </span>
     <span class='ocr_line' id='line_1_13' title="bbox 404 1652 1674 1738; baseline -0.002 -18"><span class='ocrx_word' id='word_1_117' title='bbox 404 1655 532 1733; x_wconf 84' lang='lat' dir='ltr'><strong>ridebat,</strong></span> <span class='ocrx_word' id='word_1_118' title='bbox 553 1654 632 1719; x_wconf 88' lang='lat' dir='ltr'><strong>unde</strong></span> <span class='ocrx_word' id='word_1_119' title='bbox 650 1655 751 1738; x_wconf 81' lang='lat' dir='ltr'><strong>Scipio</strong></span> <span class='ocrx_word' id='word_1_120' title='bbox 771 1653 850 1717; x_wconf 86' lang='lat' dir='ltr'><strong>friius</strong></span> <span class='ocrx_word' id='word_1_121' title='bbox 870 1675 941 1717; x_wconf 89' lang='lat' dir='ltr'><strong>suus</strong></span> <span class='ocrx_word' id='word_1_122' title='bbox 966 1654 1092 1717; x_wconf 89' lang='lat' dir='ltr'><strong>ducebat</strong></span> <span class='ocrx_word' id='word_1_123' title='bbox 1117 1655 1213 1737; x_wconf 90' lang='lat' dir='ltr'><strong>ipsum</strong></span> <span class='ocrx_word' id='word_1_124' title='bbox 1234 1670 1262 1717; x_wconf 92' lang='lat' dir='ltr'><strong>et</strong></span> <span class='ocrx_word' id='word_1_125' title='bbox 1284 1653 1339 1716; x_wconf 86' lang='lat' dir='ltr'><strong>luit</strong></span> <span class='ocrx_word' id='word_1_126' title='bbox 1358 1673 1474 1738; x_wconf 78' lang='lat' dir='ltr'><strong>semper</strong></span> <span class='ocrx_word' id='word_1_127' title='bbox 1492 1652 1559 1717; x_wconf 90' lang='lat' dir='ltr'><strong>loco</strong></span> <span class='ocrx_word' id='word_1_128' title='bbox 1580 1652 1674 1718; x_wconf 90' lang='lat' dir='ltr'><strong>baculi</strong></span> 
     </span>
     <span class='ocr_line' id='line_1_14' title="bbox 403 1753 1676 1840; baseline -0.004 -20"><span class='ocrx_word' id='word_1_129' title='bbox 403 1757 486 1820; x_wconf 89' lang='lat' dir='ltr'><strong>ornni</strong></span> <span class='ocrx_word' id='word_1_130' title='bbox 507 1771 661 1840; x_wconf 84' lang='lat' dir='ltr'><strong>tempore;</strong></span> <span class='ocrx_word' id='word_1_131' title='bbox 683 1769 713 1817; x_wconf 92' lang='lat' dir='ltr'><strong>et</strong></span> <span class='ocrx_word' id='word_1_132' title='bbox 733 1753 856 1818; x_wconf 80' lang='lat' dir='ltr'><strong>baculus</strong></span> <span class='ocrx_word' id='word_1_133' title='bbox 877 1754 963 1817; x_wconf 91' lang='lat' dir='ltr'><strong>ebrea</strong></span> <span class='ocrx_word' id='word_1_134' title='bbox 985 1753 1084 1839; x_wconf 83' lang='lat' dir='ltr'><strong>lingua</strong></span> <span class='ocrx_word' id='word_1_135' title='bbox 1105 1755 1211 1817; x_wconf 86' lang='lat' dir='ltr'><strong>dicitur</strong></span> <span class='ocrx_word' id='word_1_136' title='bbox 1231 1755 1340 1838; x_wconf 86' lang='lat' dir='ltr'><strong>Scipio,</strong></span> <span class='ocrx_word' id='word_1_137' title='bbox 1361 1753 1439 1817; x_wconf 91' lang='lat' dir='ltr'><strong>unde</strong></span> <span class='ocrx_word' id='word_1_138' title='bbox 1462 1769 1562 1837; x_wconf 86' lang='lat' dir='ltr'><strong>poster</strong></span> <span class='ocrx_word' id='word_1_139' title='bbox 1582 1754 1676 1818; x_wconf 84' lang='lat' dir='ltr'><strong>dictus</strong></span> 
     </span>
     <span class='ocr_line' id='line_1_15' title="bbox 404 1853 1677 1939; baseline -0.002 -19"><span class='ocrx_word' id='word_1_140' title='bbox 404 1871 449 1920; x_wconf 85' lang='lat' dir='ltr'><strong>est</strong></span> <span class='ocrx_word' id='word_1_141' title='bbox 469 1856 578 1939; x_wconf 86' lang='lat' dir='ltr'><strong>Scipio.</strong></span> <span class='ocrx_word' id='word_1_142' title='bbox 598 1856 661 1931; x_wconf 91' lang='lat' dir='ltr'><strong>Qui</strong></span> <span class='ocrx_word' id='word_1_143' title='bbox 683 1853 852 1939; x_wconf 83' lang='lat' dir='ltr'><strong>Scipio‚·ab</strong></span> <span class='ocrx_word' id='word_1_144' title='bbox 872 1853 969 1918; x_wconf 77' lang='lat' dir='ltr'><strong>Africa</strong></span> <span class='ocrx_word' id='word_1_145' title='bbox 991 1875 1060 1917; x_wconf 87' lang='lat' dir='ltr'><strong>curn</strong></span> <span class='ocrx_word' id='word_1_146' title='bbox 1081 1853 1232 1939; x_wconf 89' lang='lat' dir='ltr'><strong>triumpho</strong></span> <span class='ocrx_word' id='word_1_147' title='bbox 1252 1854 1372 1917; x_wconf 81' lang='lat' dir='ltr'><strong>ueniens</strong></span> <span class='ocrx_word' id='word_1_148' title='bbox 1385 1874 1471 1938; x_wconf 87' lang='lat' dir='ltr'><strong>supra</strong></span> <span class='ocrx_word' id='word_1_149' title='bbox 1492 1864 1621 1931; x_wconf 85' lang='lat' dir='ltr'><strong>currum,</strong></span> <span class='ocrx_word' id='word_1_150' title='bbox 1640 1853 1677 1917; x_wconf 86' lang='lat' dir='ltr'><strong>ad</strong></span> 
     </span>
     <span class='ocr_line' id='line_1_16' title="bbox 403 1952 1678 2039; baseline -0.003 -21"><span class='ocrx_word' id='word_1_151' title='bbox 403 1955 577 2039; x_wconf 88' lang='lat' dir='ltr'><strong>capitolium</strong></span> <span class='ocrx_word' id='word_1_152' title='bbox 598 1956 689 2018; x_wconf 86' lang='lat' dir='ltr'><strong>venit.</strong></span> <span class='ocrx_word' id='word_1_153' title='bbox 709 1988 720 2003; x_wconf 93' lang='lat'><strong>·</strong></span> <span class='ocrx_word' id='word_1_154' title='bbox 740 1974 841 2018; x_wconf 75' lang='lat' dir='ltr'><strong>serres:</strong></span> <span class='ocrx_word' id='word_1_155' title='bbox 871 1956 993 2018; x_wconf 86' lang='lat' dir='ltr'><strong>Ennius.</strong></span> <span class='ocrx_word' id='word_1_156' title='bbox 1013 1989 1034 2001; x_wconf 94' lang='lat'>-</span> <span class='ocrx_word' id='word_1_157' title='bbox 1061 1953 1200 2039; x_wconf 81' lang='lat' dir='ltr'><strong>triplicis:</strong></span> <span class='ocrx_word' id='word_1_158' title='bbox 1229 1952 1377 2026; x_wconf 87' lang='lat' dir='ltr'><strong>Bucolica,</strong></span> <span class='ocrx_word' id='word_1_159' title='bbox 1398 1954 1544 2037; x_wconf 78' lang='lat' dir='ltr'><strong>Georgica</strong></span> <span class='ocrx_word' id='word_1_160' title='bbox 1563 1966 1593 2017; x_wconf 92' lang='lat' dir='ltr'><strong>et</strong></span> <span class='ocrx_word' id='word_1_161' title='bbox 1612 1967 1678 2015; x_wconf 80' lang='lat' dir='ltr'><strong>tra·</strong></span> 
     </span>
     <span class='ocr_line' id='line_1_17' title="bbox 405 2052 1677 2143; baseline -0.002 -24"><span class='ocrx_word' id='word_1_162' title='bbox 405 2058 471 2141; x_wconf 71' lang='lat' dir='ltr'><strong>pica</strong></span> <span class='ocrx_word' id='word_1_163' title='bbox 491 2055 639 2143; x_wconf 82' lang='lat' dir='ltr'><strong>Eneydos.</strong></span> <span class='ocrx_word' id='word_1_164' title='bbox 660 2089 681 2103; x_wconf 89' lang='lat'>-</span> <span class='ocrx_word' id='word_1_165' title='bbox 700 2055 870 2140; x_wconf 67' lang='lat' dir='ltr'><strong>superatrix:</strong></span> <span class='ocrx_word' id='word_1_166' title='bbox 893 2053 1036 2140; x_wconf 79' lang='lat' dir='ltr'><strong>Calyope.</strong></span> <span class='ocrx_word' id='word_1_167' title='bbox 1057 2089 1076 2102; x_wconf 93' lang='lat'><em>-</em></span> <span class='ocrx_word' id='word_1_168' title='bbox 1096 2074 1198 2118; x_wconf 80' lang='lat' dir='ltr'><strong>turns:</strong></span> <span class='ocrx_word' id='word_1_169' title='bbox 1213 2053 1337 2118; x_wconf 84' lang='lat' dir='ltr'><strong>aliarum</strong></span> <span class='ocrx_word' id='word_1_170' title='bbox 1355 2052 1677 2118; x_wconf 82' lang='lat' dir='ltr'><strong>scientiarum-olias:</strong></span> 
     </span>
     <span class='ocr_line' id='line_1_18' title="bbox 405 2152 1363 2240; baseline -0.004 -18"><span class='ocrx_word' id='word_1_171' title='bbox 405 2154 563 2222; x_wconf 82' lang='lat' dir='ltr'><strong>Petrarclra</strong></span> <span class='ocrx_word' id='word_1_172' title='bbox 582 2154 696 2219; x_wconf 90' lang='lat' dir='ltr'><strong>studuit</strong></span> <span class='ocrx_word' id='word_1_173' title='bbox 715 2155 747 2218; x_wconf 91' lang='lat' dir='ltr'><strong>in</strong></span> <span class='ocrx_word' id='word_1_174' title='bbox 768 2153 882 2240; x_wconf 85' lang='lat' dir='ltr'><strong>legibus</strong></span> <span class='ocrx_word' id='word_1_175' title='bbox 904 2156 1037 2219; x_wconf 88' lang='lat' dir='ltr'><strong>Bononie</strong></span> <span class='ocrx_word' id='word_1_176' title='bbox 1057 2176 1109 2240; x_wconf 93' lang='lat' dir='ltr'><strong>per</strong></span> <span class='ocrx_word' id='word_1_177' title='bbox 1129 2154 1167 2239; x_wconf 79' lang='lat' dir='ltr'><strong>vri</strong></span> <span class='ocrx_word' id='word_1_178' title='bbox 1189 2175 1282 2218; x_wconf 83' lang='lat' dir='ltr'><strong>annos</strong></span> <span class='ocrx_word' id='word_1_179' title='bbox 1302 2152 1363 2239; x_wconf 90' lang='lat' dir='ltr'><strong>(r).</strong></span> 
     </span>
    </p>
   </div>
   <div class='ocr_carea' id='block_1_4' title="bbox 924 2580 1166 2677">
    <p class='ocr_par' dir='ltr' id='par_1_4' title="bbox 924 2580 1166 2677">
     <span class='ocr_line' id='line_1_19' title="bbox 924 2580 1166 2677; baseline 0 0"><span class='ocrx_word' id='word_1_180' title='bbox 924 2580 1074 2677; x_wconf 55' lang='lat' dir='ltr'><strong>ueros</strong></span> <span class='ocrx_word' id='word_1_181' title='bbox 1096 2582 1166 2677; x_wconf 84' lang='lat' dir='ltr'><strong>1vr</strong></span> 
     </span>
    </p>
   </div>
   <div class='ocr_carea' id='block_1_5' title="bbox 407 2907 1709 3294">
    <p class='ocr_par' dir='ltr' id='par_1_5' title="bbox 407 2907 1709 3294">
     <span class='ocr_line' id='line_1_20' title="bbox 488 2907 1683 2996; baseline -0.004 -20"><span class='ocrx_word' id='word_1_182' title='bbox 488 2915 521 2976; x_wconf 94' lang='lat' dir='ltr'><strong>ln</strong></span> <span class='ocrx_word' id='word_1_183' title='bbox 540 2910 596 2975; x_wconf 82' lang='lat' dir='ltr'><strong>hac</strong></span> <span class='ocrx_word' id='word_1_184' title='bbox 618 2911 657 2995; x_wconf 85' lang='lat' dir='ltr'><strong>urj</strong></span> <span class='ocrx_word' id='word_1_185' title='bbox 680 2914 800 2996; x_wconf 80' lang='lat' dir='ltr'><strong>egloga,</strong></span> <span class='ocrx_word' id='word_1_186' title='bbox 814 2911 897 2973; x_wconf 87' lang='lat' dir='ltr'><strong>cuius</strong></span> <span class='ocrx_word' id='word_1_187' title='bbox 912 2909 1015 2972; x_wconf 86' lang='lat' dir='ltr'><strong>titulus</strong></span> <span class='ocrx_word' id='word_1_188' title='bbox 1030 2926 1074 2971; x_wconf 87' lang='lat' dir='ltr'><strong>est</strong></span> <span class='ocrx_word' id='word_1_189' title='bbox 1096 2908 1248 2973; x_wconf 78' lang='lat' dir='ltr'><strong>«Gallus»</strong></span> <span class='ocrx_word' id='word_1_190' title='bbox 1263 2925 1350 2971; x_wconf 86' lang='lat' dir='ltr'><strong>autor</strong></span> <span class='ocrx_word' id='word_1_191' title='bbox 1369 2910 1495 2972; x_wconf 80' lang='lat' dir='ltr'><strong>intendit</strong></span> <span class='ocrx_word' id='word_1_192' title='bbox 1513 2907 1600 2972; x_wconf 84' lang='lat' dir='ltr'><strong>talem</strong></span> <span class='ocrx_word' id='word_1_193' title='bbox 1615 2929 1683 2971; x_wconf 92' lang='lat' dir='ltr'><strong>con·</strong></span> 
     </span>
     <span class='ocr_line' id='line_1_21' title="bbox 407 3008 1683 3095; baseline -0.004 -20"><span class='ocrx_word' id='word_1_194' title='bbox 407 3010 572 3076; x_wconf 79' lang='lat' dir='ltr'><strong>elusionem</strong></span> <span class='ocrx_word' id='word_1_195' title='bbox 591 3009 715 3095; x_wconf 85' lang='lat' dir='ltr'><strong>probare</strong></span> <span class='ocrx_word' id='word_1_196' title='bbox 735 3010 815 3093; x_wconf 89' lang='lat' dir='ltr'><strong>quod</strong></span> <span class='ocrx_word' id='word_1_197' title='bbox 837 3009 935 3072; x_wconf 84' lang='lat' dir='ltr'><strong>nullus</strong></span> <span class='ocrx_word' id='word_1_198' title='bbox 956 3008 1063 3071; x_wconf 81' lang='lat' dir='ltr'><strong>audent</strong></span> <span class='ocrx_word' id='word_1_199' title='bbox 1084 3008 1211 3092; x_wconf 83' lang='lat' dir='ltr'><strong>aliquam</strong></span> <span class='ocrx_word' id='word_1_200' title='bbox 1232 3010 1385 3073; x_wconf 81' lang='lat' dir='ltr'><strong>scientiam</strong></span> <span class='ocrx_word' id='word_1_201' title='bbox 1412 3011 1492 3093; x_wconf 82' lang='lat' dir='ltr'><strong>sequi</strong></span> <span class='ocrx_word' id='word_1_202' title='bbox 1514 3010 1567 3071; x_wconf 88' lang='lat' dir='ltr'><strong>nisi</strong></span> <span class='ocrx_word' id='word_1_203' title='bbox 1588 3031 1604 3072; x_wconf 81' lang='lat' dir='ltr'>a</span> <span class='ocrx_word' id='word_1_204' title='bbox 1626 3031 1683 3070; x_wconf 84' lang='lat' dir='ltr'><strong>ns-</strong></span> 
     </span>
     <span class='ocr_line' id='line_1_22' title="bbox 407 3103 1709 3193; baseline -0.003 -17"><span class='ocrx_word' id='word_1_205' title='bbox 407 3103 478 3175; x_wconf 63' lang='lat' dir='ltr'><strong>tura&#39;</strong></span> <span class='ocrx_word' id='word_1_206' title='bbox 493 3104 629 3175; x_wconf 75' lang='lat' dir='ltr'><strong>habuerit</strong></span> <span class='ocrx_word' id='word_1_207' title='bbox 650 3103 813 3174; x_wconf 80' lang='lat' dir='ltr'><strong>naturalem</strong></span> <span class='ocrx_word' id='word_1_208' title='bbox 834 3105 1067 3172; x_wconf 84' lang='lat' dir='ltr'><strong>inclinationem.</strong></span> <span class='ocrx_word' id='word_1_209' title='bbox 1089 3110 1126 3171; x_wconf 86' lang='lat' dir='ltr'><strong>Et</strong></span> <span class='ocrx_word' id='word_1_210' title='bbox 1146 3108 1183 3171; x_wconf 87' lang='lat' dir='ltr'><strong>ad</strong></span> <span class='ocrx_word' id='word_1_211' title='bbox 1203 3110 1290 3171; x_wconf 89' lang='lat' dir='ltr'><strong>istaru</strong></span> <span class='ocrx_word' id='word_1_212' title='bbox 1311 3108 1530 3173; x_wconf 80' lang='lat' dir='ltr'><strong>conclusionem</strong></span> <span class='ocrx_word' id='word_1_213' title='bbox 1552 3110 1682 3193; x_wconf 86' lang='lat' dir='ltr'><strong>proban·</strong></span> <span class='ocrx_word' id='word_1_214' title='bbox 1707 3117 1709 3120; x_wconf 79' lang='grc'>’</span> 
     </span>
     <span class='ocr_line' id='line_1_23' title="bbox 407 3207 1683 3294; baseline -0.002 -20"><span class='ocrx_word' id='word_1_215' title='bbox 407 3209 477 3274; x_wconf 87' lang='lat' dir='ltr'><strong>darn</strong></span> <span class='ocrx_word' id='word_1_216' title='bbox 503 3210 664 3274; x_wconf 87' lang='lat' dir='ltr'><strong>introducit</strong></span> <span class='ocrx_word' id='word_1_217' title='bbox 691 3211 765 3272; x_wconf 87' lang='lat' dir='ltr'><strong>duos</strong></span> <span class='ocrx_word' id='word_1_218' title='bbox 793 3224 924 3293; x_wconf 86' lang='lat' dir='ltr'><strong>pastores</strong></span> <span class='ocrx_word' id='word_1_219' title='bbox 952 3208 988 3270; x_wconf 83' lang='lat' dir='ltr'><strong>ad</strong></span> <span class='ocrx_word' id='word_1_220' title='bbox 1016 3207 1272 3293; x_wconf 87' lang='lat' dir='ltr'><strong>conloquendum,</strong></span> <span class='ocrx_word' id='word_1_221' title='bbox 1299 3228 1426 3294; x_wconf 87' lang='lat' dir='ltr'><strong>quorum</strong></span> <span class='ocrx_word' id='word_1_222' title='bbox 1454 3229 1544 3271; x_wconf 91' lang='lat' dir='ltr'><strong>unum</strong></span> <span class='ocrx_word' id='word_1_223' title='bbox 1571 3207 1683 3292; x_wconf 83' lang='lat' dir='ltr'><strong>gallum</strong></span> 
     </span>
    </p>
   </div>
   <div class='ocr_carea' id='block_1_6' title="bbox 404 3668 1687 4377">
    <p class='ocr_par' dir='ltr' id='par_1_6' title="bbox 404 3668 1687 4377">
     <span class='ocr_line' id='line_1_24' title="bbox 479 3668 1687 3748; baseline -0.001 -21"><span class='ocrx_word' id='word_1_224' title='bbox 479 3676 519 3742; x_wconf 87' lang='lat' dir='ltr'><strong>(t)</strong></span> <span class='ocrx_word' id='word_1_225' title='bbox 537 3668 592 3748; x_wconf 89' lang='lat' dir='ltr'><strong>[Cr]</strong></span> <span class='ocrx_word' id='word_1_226' title='bbox 611 3675 747 3727; x_wconf 69' lang='lat' dir='ltr'><strong>immor:</strong></span> <span class='ocrx_word' id='word_1_227' title='bbox 765 3672 832 3725; x_wconf 87' lang='lat' dir='ltr'><strong>idest</strong></span> <span class='ocrx_word' id='word_1_228' title='bbox 850 3671 914 3725; x_wconf 82' lang='lat' dir='ltr'><strong>alies</strong></span> <span class='ocrx_word' id='word_1_229' title='bbox 933 3673 1042 3726; x_wconf 91' lang='lat' dir='ltr'><strong>nobiles.</strong></span> <span class='ocrx_word' id='word_1_230' title='bbox 1059 3674 1184 3741; x_wconf 67' lang='lat' dir='ltr'><strong>⁸gregis:</strong></span> <span class='ocrx_word' id='word_1_231' title='bbox 1202 3672 1350 3727; x_wconf 83' lang='lat' dir='ltr'><strong>exereitum.</strong></span> <span class='ocrx_word' id='word_1_232' title='bbox 1368 3673 1531 3741; x_wconf 57' lang='lat' dir='ltr'><strong>-pmtgrr&#39;rrr&#39;r</strong></span> <span class='ocrx_word' id='word_1_233' title='bbox 1542 3675 1687 3726; x_wconf 74' lang='lat' dir='ltr'><strong>mutibus:</strong></span> 
     </span>
     <span class='ocr_line' id='line_1_25' title="bbox 408 3758 1683 3837; baseline -0.002 -20"><span class='ocrx_word' id='word_1_234' title='bbox 408 3764 536 3818; x_wconf 61' lang='lat' dir='ltr'><strong>aetneis</strong></span> <span class='ocrx_word' id='word_1_235' title='bbox 554 3763 712 3833; x_wconf 75' lang='lat' dir='ltr'><strong>regionibns.</strong></span> <span class='ocrx_word' id='word_1_236' title='bbox 731 3792 741 3804; x_wconf 93' lang='lat'><strong>·</strong></span> <span class='ocrx_word' id='word_1_237' title='bbox 761 3765 910 3831; x_wconf 72' lang='lat' dir='ltr'><strong>iperdonis:</strong></span> <span class='ocrx_word' id='word_1_238' title='bbox 929 3762 1035 3816; x_wconf 86' lang='lat' dir='ltr'><strong>sithieis.</strong></span> <span class='ocrx_word' id='word_1_239' title='bbox 1060 3793 1070 3804; x_wconf 89' lang='lat'><strong>·</strong></span> <span class='ocrx_word' id='word_1_240' title='bbox 1090 3765 1218 3831; x_wconf 76' lang='lat' dir='ltr'><strong>gn&#39;fibrrr:</strong></span> <span class='ocrx_word' id='word_1_241' title='bbox 1237 3758 1291 3837; x_wconf 87' lang='lat' dir='ltr'><strong>[Cs]</strong></span> <span class='ocrx_word' id='word_1_242' title='bbox 1309 3762 1375 3815; x_wconf 88' lang='lat' dir='ltr'><strong>idest</strong></span> <span class='ocrx_word' id='word_1_243' title='bbox 1400 3763 1545 3815; x_wconf 82' lang='lat' dir='ltr'><strong>hominibus</strong></span> <span class='ocrx_word' id='word_1_244' title='bbox 1563 3764 1683 3816; x_wconf 68' lang='lat' dir='ltr'><strong>reseris.-</strong></span> 
     </span>
     <span class='ocr_line' id='line_1_26' title="bbox 408 3848 1685 3927; baseline -0.001 -20"><span class='ocrx_word' id='word_1_245' title='bbox 408 3856 472 3907; x_wconf 85' lang='lat' dir='ltr'><strong>Hrre</strong></span> <span class='ocrx_word' id='word_1_246' title='bbox 488 3856 568 3907; x_wconf 82' lang='lat' dir='ltr'><strong>Asr&#39;e:</strong></span> <span class='ocrx_word' id='word_1_247' title='bbox 587 3848 642 3927; x_wconf 83' lang='lat' dir='ltr'><strong>[Cs]</strong></span> <span class='ocrx_word' id='word_1_248' title='bbox 660 3854 693 3906; x_wconf 84' lang='lat' dir='ltr'><strong>Et</strong></span> <span class='ocrx_word' id='word_1_249' title='bbox 713 3854 761 3906; x_wconf 90' lang='lat' dir='ltr'><strong>hoe</strong></span> <span class='ocrx_word' id='word_1_250' title='bbox 779 3854 825 3906; x_wconf 84' lang='lat' dir='ltr'><strong>init</strong></span> <span class='ocrx_word' id='word_1_251' title='bbox 843 3855 947 3922; x_wconf 82' lang='lat' dir='ltr'><strong>qunndo</strong></span> <span class='ocrx_word' id='word_1_252' title='bbox 966 3854 1016 3906; x_wconf 84' lang='lat' dir='ltr'><strong>illis</strong></span> <span class='ocrx_word' id='word_1_253' title='bbox 1035 3856 1060 3906; x_wconf 88' lang='lat' dir='ltr'><strong>d’</strong></span> <span class='ocrx_word' id='word_1_254' title='bbox 1069 3854 1124 3906; x_wconf 85' lang='lat' dir='ltr'><strong>asia</strong></span> <span class='ocrx_word' id='word_1_255' title='bbox 1147 3863 1269 3922; x_wconf 86' lang='lat' dir='ltr'><strong>ceperunt</strong></span> <span class='ocrx_word' id='word_1_256' title='bbox 1296 3854 1389 3906; x_wconf 89' lang='lat' dir='ltr'><strong>nrnltos</strong></span> <span class='ocrx_word' id='word_1_257' title='bbox 1413 3854 1531 3906; x_wconf 87' lang='lat' dir='ltr'><strong>ermellos</strong></span> <span class='ocrx_word' id='word_1_258' title='bbox 1550 3853 1685 3922; x_wconf 88' lang='lat' dir='ltr'><strong>rnnltisqne</strong></span> 
     </span>
     <span class='ocr_line' id='line_1_27' title="bbox 408 3942 1684 4014; baseline -0.002 -17"><span class='ocrx_word' id='word_1_259' title='bbox 408 3944 506 4013; x_wconf 69' lang='lat' dir='ltr'><strong>divitiis</strong></span> <span class='ocrx_word' id='word_1_260' title='bbox 523 3944 670 3997; x_wconf 82' lang='lat' dir='ltr'><strong>bonerstos.</strong></span> <span class='ocrx_word' id='word_1_261' title='bbox 688 3973 698 3983; x_wconf 94' lang='lat'><strong>·</strong></span> <span class='ocrx_word' id='word_1_262' title='bbox 715 3945 798 3995; x_wconf 82' lang='lat' dir='ltr'><strong>dettrm</strong></span> <span class='ocrx_word' id='word_1_263' title='bbox 808 3960 817 3996; x_wconf 93' lang='grc'><strong>.·</strong></span> <span class='ocrx_word' id='word_1_264' title='bbox 829 3942 884 4014; x_wconf 89' lang='lat' dir='ltr'><strong>[Cs]</strong></span> <span class='ocrx_word' id='word_1_265' title='bbox 896 3945 945 3996; x_wconf 87' lang='lat' dir='ltr'><strong>boe</strong></span> <span class='ocrx_word' id='word_1_266' title='bbox 962 3944 1009 3995; x_wconf 83' lang='lat' dir='ltr'><strong>luit</strong></span> <span class='ocrx_word' id='word_1_267' title='bbox 1022 3946 1126 4012; x_wconf 87' lang='lat' dir='ltr'><strong>quando</strong></span> <span class='ocrx_word' id='word_1_268' title='bbox 1138 3944 1248 3996; x_wconf 67' lang='lat' dir='ltr'><strong>Romani</strong></span> <span class='ocrx_word' id='word_1_269' title='bbox 1261 3944 1385 3996; x_wconf 86' lang='lat' dir='ltr'><strong>dederunt</strong></span> <span class='ocrx_word' id='word_1_270' title='bbox 1398 3943 1529 3996; x_wconf 79' lang='lat' dir='ltr'><strong>tarentinis</strong></span> <span class='ocrx_word' id='word_1_271' title='bbox 1542 3944 1684 3996; x_wconf 83' lang='lat' dir='ltr'><strong>conflictum</strong></span> 
     </span>
     <span class='ocr_line' id='line_1_28' title="bbox 408 4029 1685 4107; baseline -0.002 -19"><span class='ocrx_word' id='word_1_272' title='bbox 408 4035 437 4088; x_wconf 84' lang='lat' dir='ltr'><strong>in</strong></span> <span class='ocrx_word' id='word_1_273' title='bbox 453 4050 507 4103; x_wconf 82' lang='lat' dir='ltr'><strong>qno</strong></span> <span class='ocrx_word' id='word_1_274' title='bbox 523 4042 646 4105; x_wconf 82' lang='lat' dir='ltr'><strong>oeperunt</strong></span> <span class='ocrx_word' id='word_1_275' title='bbox 664 4034 787 4087; x_wconf 82' lang='lat' dir='ltr'><strong>eleirrntes</strong></span> <span class='ocrx_word' id='word_1_276' title='bbox 806 4034 899 4087; x_wconf 87' lang='lat' dir='ltr'><strong>multos</strong></span> <span class='ocrx_word' id='word_1_277' title='bbox 918 4046 1050 4102; x_wconf 78' lang='lat' dir='ltr'><strong>portantes</strong></span> <span class='ocrx_word' id='word_1_278' title='bbox 1068 4045 1159 4085; x_wconf 88' lang='lat' dir='ltr'><strong>turres.</strong></span> <span class='ocrx_word' id='word_1_279' title='bbox 1178 4063 1187 4073; x_wconf 95' lang='lat'><strong>·</strong></span> <span class='ocrx_word' id='word_1_280' title='bbox 1204 4043 1295 4102; x_wconf 79' lang='lat' dir='ltr'><strong>aprus:</strong></span> <span class='ocrx_word' id='word_1_281' title='bbox 1318 4035 1421 4086; x_wconf 86' lang='lat' dir='ltr'><strong>brutum</strong></span> <span class='ocrx_word' id='word_1_282' title='bbox 1433 4044 1458 4087; x_wconf 86' lang='lat' dir='ltr'><strong>et</strong></span> <span class='ocrx_word' id='word_1_283' title='bbox 1470 4033 1588 4086; x_wconf 74' lang='lat' dir='ltr'><strong>cassium.</strong></span> <span class='ocrx_word' id='word_1_284' title='bbox 1605 4064 1615 4075; x_wconf 90' lang='lat'><em>-</em></span> <span class='ocrx_word' id='word_1_285' title='bbox 1631 4029 1685 4107; x_wconf 80' lang='lat' dir='ltr'><strong>[Cs]</strong></span> 
     </span>
     <span class='ocr_line' id='line_1_29' title="bbox 408 4124 1682 4194; baseline -0.005 -13"><span class='ocrx_word' id='word_1_286' title='bbox 408 4128 458 4181; x_wconf 79' lang='lat' dir='ltr'><strong>ltoe</strong></span> <span class='ocrx_word' id='word_1_287' title='bbox 474 4125 537 4179; x_wconf 87' lang='lat' dir='ltr'><strong>dicit</strong></span> <span class='ocrx_word' id='word_1_288' title='bbox 554 4124 615 4194; x_wconf 69' lang='lat' dir='ltr'><strong>qnia</strong></span> <span class='ocrx_word' id='word_1_289' title='bbox 633 4126 661 4177; x_wconf 90' lang='lat' dir='ltr'><strong>in</strong></span> <span class='ocrx_word' id='word_1_290' title='bbox 679 4126 807 4194; x_wconf 69' lang='lat' dir='ltr'><strong>Capitolio</strong></span> <span class='ocrx_word' id='word_1_291' title='bbox 819 4136 873 4177; x_wconf 83' lang='lat' dir='ltr'><strong>erat</strong></span> <span class='ocrx_word' id='word_1_292' title='bbox 893 4127 1015 4194; x_wconf 83' lang='lat' dir='ltr'><strong>templum</strong></span> <span class='ocrx_word' id='word_1_293' title='bbox 1028 4125 1097 4177; x_wconf 76' lang='lat' dir='ltr'><strong>loris</strong></span> <span class='ocrx_word' id='word_1_294' title='bbox 1115 4125 1268 4178; x_wconf 82' lang='lat' dir='ltr'><strong>ettniuerse</strong></span> <span class='ocrx_word' id='word_1_295' title='bbox 1285 4124 1360 4178; x_wconf 88' lang='lat' dir='ltr'><strong>etsie</strong></span> <span class='ocrx_word' id='word_1_296' title='bbox 1378 4135 1449 4177; x_wconf 82' lang='lat' dir='ltr'><strong>erant</strong></span> <span class='ocrx_word' id='word_1_297' title='bbox 1468 4126 1562 4193; x_wconf 73' lang='lat' dir='ltr'><strong>templs</strong></span> <span class='ocrx_word' id='word_1_298' title='bbox 1579 4126 1682 4177; x_wconf 87' lang='lat' dir='ltr'><strong>deorum</strong></span> 
     </span>
     <span class='ocr_line' id='line_1_30' title="bbox 408 4212 1685 4290; baseline -0.003 -20"><span class='ocrx_word' id='word_1_299' title='bbox 408 4226 486 4287; x_wconf 83' lang='lat' dir='ltr'><strong>stqne</strong></span> <span class='ocrx_word' id='word_1_300' title='bbox 503 4217 618 4272; x_wconf 71' lang='grc' dir='ltr'><strong>ᾱαηω.</strong></span> <span class='ocrx_word' id='word_1_301' title='bbox 635 4245 645 4257; x_wconf 93' lang='grc'>-</span> <span class='ocrx_word' id='word_1_302' title='bbox 663 4216 718 4267; x_wconf 84' lang='lat' dir='ltr'><strong>Hr‘r</strong></span> <span class='ocrx_word' id='word_1_303' title='bbox 735 4224 846 4268; x_wconf 73' lang='lat' dir='ltr'><strong>tratrem:</strong></span> <span class='ocrx_word' id='word_1_304' title='bbox 865 4212 907 4290; x_wconf 79' lang='grc' dir='ltr'><strong>[Ε]</strong></span> <span class='ocrx_word' id='word_1_305' title='bbox 925 4233 983 4268; x_wconf 89' lang='lat' dir='ltr'><strong>curn</strong></span> <span class='ocrx_word' id='word_1_306' title='bbox 997 4218 1128 4285; x_wconf 68' lang='lat' dir='ltr'><strong>Angustus</strong></span> <span class='ocrx_word' id='word_1_307' title='bbox 1139 4216 1287 4268; x_wconf 69' lang='lat' dir='ltr'><strong>octavianus</strong></span> <span class='ocrx_word' id='word_1_308' title='bbox 1305 4225 1385 4268; x_wconf 86' lang='lat' dir='ltr'><strong>toturn</strong></span> <span class='ocrx_word' id='word_1_309' title='bbox 1404 4215 1545 4283; x_wconf 74' lang='lat' dir='ltr'><strong>subegisset</strong></span> <span class='ocrx_word' id='word_1_310' title='bbox 1563 4215 1685 4267; x_wconf 85' lang='lat' dir='ltr'><strong>mundum</strong></span> 
     </span>
     <span class='ocr_line' id='line_1_31' title="bbox 404 4304 1683 4377; baseline -0.004 -16"><span class='ocrx_word' id='word_1_311' title='bbox 404 4318 437 4361; x_wconf 76' lang='lat' dir='ltr'><strong>et</strong></span> <span class='ocrx_word' id='word_1_312' title='bbox 453 4307 582 4377; x_wconf 60' lang='lat' dir='ltr'><strong>mubset</strong></span> <span class='ocrx_word' id='word_1_313' title='bbox 599 4307 628 4358; x_wconf 91' lang='lat' dir='ltr'><strong>in</strong></span> <span class='ocrx_word' id='word_1_314' title='bbox 646 4323 717 4376; x_wconf 82' lang='lat' dir='ltr'><strong>paee,</strong></span> <span class='ocrx_word' id='word_1_315' title='bbox 735 4306 853 4359; x_wconf 84' lang='lat' dir='ltr'><strong>homines</strong></span> <span class='ocrx_word' id='word_1_316' title='bbox 871 4307 955 4376; x_wconf 87' lang='lat' dir='ltr'><strong>ipsnrn</strong></span> <span class='ocrx_word' id='word_1_317' title='bbox 973 4308 1080 4359; x_wconf 76' lang='lat' dir='ltr'><strong>adorare</strong></span> <span class='ocrx_word' id='word_1_318' title='bbox 1099 4307 1210 4360; x_wconf 82' lang='lat' dir='ltr'><strong>soluere.</strong></span> <span class='ocrx_word' id='word_1_319' title='bbox 1228 4308 1297 4375; x_wconf 91' lang='lat' dir='ltr'><strong>quod</strong></span> <span class='ocrx_word' id='word_1_320' title='bbox 1315 4306 1371 4375; x_wconf 87' lang='lat' dir='ltr'><strong>ipse</strong></span> <span class='ocrx_word' id='word_1_321' title='bbox 1395 4306 1476 4359; x_wconf 91' lang='lat' dir='ltr'><strong>noluit</strong></span> <span class='ocrx_word' id='word_1_322' title='bbox 1495 4305 1544 4357; x_wconf 90' lang='lat' dir='ltr'><strong>nisi</strong></span> <span class='ocrx_word' id='word_1_323' title='bbox 1562 4305 1631 4373; x_wconf 89' lang='lat' dir='ltr'><strong>prius</strong></span> <span class='ocrx_word' id='word_1_324' title='bbox 1650 4304 1683 4356; x_wconf 89' lang='lat' dir='ltr'><strong>si·</strong></span> 
     </span>
    </p>
   </div>
   <div class='ocr_carea' id='block_1_7' title="bbox 330 4394 1686 4466">
    <p class='ocr_par' dir='ltr' id='par_1_7' title="bbox 330 4394 1686 4466">
     <span class='ocr_line' id='line_1_32' title="bbox 330 4394 1686 4466; baseline -0.004 -15"><span class='ocrx_word' id='word_1_325' title='bbox 330 4431 334 4436; x_wconf 76' lang='lat'><em>-</em></span> <span class='ocrx_word' id='word_1_326' title='bbox 409 4397 472 4451; x_wconf 75' lang='lat' dir='ltr'><strong>nith</strong></span> <span class='ocrx_word' id='word_1_327' title='bbox 488 4397 681 4460; x_wconf 79' lang='lat' dir='ltr'><strong>eonseleretur3</strong></span> <span class='ocrx_word' id='word_1_328' title='bbox 700 4397 801 4450; x_wconf 78' lang='lat' dir='ltr'><strong>misine</strong></span> <span class='ocrx_word' id='word_1_329' title='bbox 819 4414 867 4466; x_wconf 91' lang='lat' dir='ltr'><strong>pro</strong></span> <span class='ocrx_word' id='word_1_330' title='bbox 884 4397 974 4450; x_wconf 81' lang='lat' dir='ltr'><strong>Sibilla</strong></span> <span class='ocrx_word' id='word_1_331' title='bbox 992 4397 1101 4449; x_wconf 81' lang='lat' dir='ltr'><strong>finaliter</strong></span> <span class='ocrx_word' id='word_1_332' title='bbox 1118 4408 1144 4449; x_wconf 87' lang='lat' dir='ltr'><strong>et</strong></span> <span class='ocrx_word' id='word_1_333' title='bbox 1163 4407 1223 4451; x_wconf 89' lang='lat' dir='ltr'><strong>tunc</strong></span> <span class='ocrx_word' id='word_1_334' title='bbox 1241 4397 1325 4448; x_wconf 83' lang='lat' dir='ltr'><strong>sibilla</strong></span> <span class='ocrx_word' id='word_1_335' title='bbox 1337 4396 1447 4449; x_wconf 85' lang='lat' dir='ltr'><strong>ostendit</strong></span> <span class='ocrx_word' id='word_1_336' title='bbox 1466 4396 1575 4448; x_wconf 82' lang='lat' dir='ltr'><strong>Cristum</strong></span> <span class='ocrx_word' id='word_1_337' title='bbox 1594 4394 1642 4447; x_wconf 88' lang='lat' dir='ltr'><strong>sibi</strong></span> <span class='ocrx_word' id='word_1_338' title='bbox 1661 4405 1686 4447; x_wconf 86' lang='lat' dir='ltr'><strong>er</strong></span> 
     </span>
    </p>
   </div>
   <div class='ocr_carea' id='block_1_8' title="bbox 410 4482 1688 4831">
    <p class='ocr_par' dir='ltr' id='par_1_8' title="bbox 410 4482 1688 4831">
     <span class='ocr_line' id='line_1_33' title="bbox 410 4482 1685 4562; baseline -0.004 -20"><span class='ocrx_word' id='word_1_339' title='bbox 410 4488 492 4543; x_wconf 79' lang='lat' dir='ltr'><strong>dixit:</strong></span> <span class='ocrx_word' id='word_1_340' title='bbox 518 4503 625 4556; x_wconf 79' lang='lat' dir='ltr'><strong>puerum</strong></span> <span class='ocrx_word' id='word_1_341' title='bbox 650 4488 719 4542; x_wconf 87' lang='lat' dir='ltr'><strong>bunc</strong></span> <span class='ocrx_word' id='word_1_342' title='bbox 743 4489 823 4540; x_wconf 80' lang='lat' dir='ltr'><strong>adora</strong></span> <span class='ocrx_word' id='word_1_343' title='bbox 846 4488 891 4556; x_wconf 90' lang='lat' dir='ltr'><strong>qui</strong></span> <span class='ocrx_word' id='word_1_344' title='bbox 917 4488 998 4540; x_wconf 75' lang='lat' dir='ltr'><strong>maior</strong></span> <span class='ocrx_word' id='word_1_345' title='bbox 1022 4499 1047 4539; x_wconf 92' lang='lat' dir='ltr'><strong>te</strong></span> <span class='ocrx_word' id='word_1_346' title='bbox 1072 4499 1120 4540; x_wconf 88' lang='lat' dir='ltr'><strong>est.</strong></span> <span class='ocrx_word' id='word_1_347' title='bbox 1144 4518 1155 4528; x_wconf 92' lang='lat'><strong>·</strong></span> <span class='ocrx_word' id='word_1_348' title='bbox 1177 4489 1278 4540; x_wconf 76' lang='lat' dir='ltr'><strong>sibilie:</strong></span> <span class='ocrx_word' id='word_1_349' title='bbox 1307 4482 1362 4562; x_wconf 80' lang='lat' dir='ltr'><strong>[Cr]</strong></span> <span class='ocrx_word' id='word_1_350' title='bbox 1388 4486 1520 4555; x_wconf 77' lang='lat' dir='ltr'><strong>protertsse</strong></span> <span class='ocrx_word' id='word_1_351' title='bbox 1546 4502 1596 4554; x_wconf 86' lang='lat' dir='ltr'><strong>qne</strong></span> <span class='ocrx_word' id='word_1_352' title='bbox 1622 4484 1685 4537; x_wconf 83' lang='lat' dir='ltr'><strong>dixit</strong></span> 
     </span>
     <span class='ocr_line' id='line_1_34' title="bbox 411 4576 1685 4647; baseline -0.004 -14"><span class='ocrx_word' id='word_1_353' title='bbox 411 4579 479 4633; x_wconf 83' lang='lat' dir='ltr'><strong>Iulio</strong></span> <span class='ocrx_word' id='word_1_354' title='bbox 496 4578 601 4632; x_wconf 72' lang='lat' dir='ltr'><strong>Gesorir</strong></span> <span class='ocrx_word' id='word_1_355' title='bbox 619 4595 697 4647; x_wconf 87' lang='lat' dir='ltr'><strong>qnern</strong></span> <span class='ocrx_word' id='word_1_356' title='bbox 715 4579 799 4632; x_wconf 84' lang='lat' dir='ltr'><strong>cernis</strong></span> <span class='ocrx_word' id='word_1_357' title='bbox 819 4580 898 4631; x_wconf 87' lang='lat' dir='ltr'><strong>maier</strong></span> <span class='ocrx_word' id='word_1_358' title='bbox 916 4588 942 4631; x_wconf 89' lang='lat' dir='ltr'><strong>te</strong></span> <span class='ocrx_word' id='word_1_359' title='bbox 960 4590 1008 4640; x_wconf 82' lang='lat' dir='ltr'><strong>est,</strong></span> <span class='ocrx_word' id='word_1_360' title='bbox 1026 4578 1106 4631; x_wconf 77' lang='lat' dir='ltr'><strong>idciro</strong></span> <span class='ocrx_word' id='word_1_361' title='bbox 1124 4596 1183 4631; x_wconf 91' lang='lat' dir='ltr'><strong>eurn</strong></span> <span class='ocrx_word' id='word_1_362' title='bbox 1201 4580 1287 4630; x_wconf 80' lang='lat' dir='ltr'><strong>adora.</strong></span> <span class='ocrx_word' id='word_1_363' title='bbox 1308 4579 1455 4646; x_wconf 55' lang='lat' dir='ltr'><strong>werpeno:</strong></span> <span class='ocrx_word' id='word_1_364' title='bbox 1472 4576 1516 4645; x_wconf 90' lang='lat' dir='ltr'><strong>qui</strong></span> <span class='ocrx_word' id='word_1_365' title='bbox 1534 4577 1633 4629; x_wconf 78' lang='lat' dir='ltr'><strong>solebet</strong></span> <span class='ocrx_word' id='word_1_366' title='bbox 1658 4594 1685 4628; x_wconf 89' lang='lat' dir='ltr'><strong>se</strong></span> 
     </span>
     <span class='ocr_line' id='line_1_35' title="bbox 410 4661 1688 4740; baseline -0.003 -16"><span class='ocrx_word' id='word_1_367' title='bbox 410 4670 522 4724; x_wconf 74' lang='lat' dir='ltr'><strong>edenti.</strong></span> <span class='ocrx_word' id='word_1_368' title='bbox 538 4699 548 4711; x_wconf 91' lang='lat'>·</span> <span class='ocrx_word' id='word_1_369' title='bbox 566 4678 612 4723; x_wconf 83' lang='lat' dir='ltr'><strong>trra</strong></span> <span class='ocrx_word' id='word_1_370' title='bbox 631 4685 711 4724; x_wconf 79' lang='lat' dir='ltr'><strong>rum:</strong></span> <span class='ocrx_word' id='word_1_371' title='bbox 730 4671 791 4739; x_wconf 79' lang='lat' dir='ltr'><strong>qnin</strong></span> <span class='ocrx_word' id='word_1_372' title='bbox 809 4681 885 4740; x_wconf 75' lang='lat' dir='ltr'><strong>poete</strong></span> <span class='ocrx_word' id='word_1_373' title='bbox 902 4669 1037 4738; x_wconf 85' lang='lat' dir='ltr'><strong>descripsit</strong></span> <span class='ocrx_word' id='word_1_374' title='bbox 1055 4661 1148 4721; x_wconf 85' lang='lat' dir='ltr'><strong>librum</strong></span> <span class='ocrx_word' id='word_1_375' title='bbox 1167 4670 1260 4733; x_wconf 71' lang='lat' dir='ltr'><strong>affrice,</strong></span> <span class='ocrx_word' id='word_1_376' title='bbox 1277 4670 1304 4722; x_wconf 89' lang='lat' dir='ltr'><strong>in</strong></span> <span class='ocrx_word' id='word_1_377' title='bbox 1322 4686 1373 4738; x_wconf 88' lang='lat' dir='ltr'><strong>qno</strong></span> <span class='ocrx_word' id='word_1_378' title='bbox 1386 4668 1510 4738; x_wconf 89' lang='lat' dir='ltr'><strong>Scipionis</strong></span> <span class='ocrx_word' id='word_1_379' title='bbox 1522 4669 1588 4721; x_wconf 83' lang='lat' dir='ltr'><strong>bella</strong></span> <span class='ocrx_word' id='word_1_380' title='bbox 1601 4677 1688 4721; x_wconf 80' lang='lat' dir='ltr'><strong>conten</strong></span> 
     </span>
     <span class='ocr_line' id='line_1_36' title="bbox 411 4761 757 4831; baseline -0.012 -15"><span class='ocrx_word' id='word_1_381' title='bbox 411 4761 567 4831; x_wconf 67' lang='lat' dir='ltr'><strong>muglnenr</strong></span> <span class='ocrx_word' id='word_1_382' title='bbox 584 4761 757 4816; x_wconf 83' lang='lat' dir='ltr'><strong>eontinentur.</strong></span> 
     </span>
    </p>
   </div>
   <div class='ocr_carea' id='block_1_9' title="bbox 0 0 2089 5217">
    <p class='ocr_par' dir='ltr' id='par_1_9' title="bbox 0 0 2089 5217">
     <span class='ocr_line' id='line_1_37' title="bbox 0 0 2089 5217; baseline 0 0"><span class='ocrx_word' id='word_1_383' title='bbox 0 0 2089 5217; x_wconf 95' lang='lat' dir='ltr'><strong> </strong></span> 
     </span>
    </p>
   </div>
  </div>
 </body>
</html>
