4125 5217
175 3299 198 3329 ν.
212 3281 315 3335 ass-fine

822 401 854 452 ll.
877 401 1066 454 sucottcuu
1089 406 1219 455 eluatur:
1599 407 1661 476 225

379 670 474 733 tenaci
496 656 632 730 se‘rmone
652 664 799 748 gaudebas
821 686 973 729 remouere
995 667 1116 731 iuvenes
1138 666 1234 731 uerbis
1257 666 1409 746 allisiosis3
1425 683 1537 734 etcum
1558 670 1665 754 quibus

379 769 466 850 socijs
487 781 517 830 et
536 764 650 829 solebas
664 784 768 849 capere
788 766 906 829 ardores
927 766 1116 849 carpolurum
1131 766 1216 853 (sie),
1230 767 1307 831 idest
1325 770 1403 830 viros
1418 785 1521 832 acutos
1535 770 1665 851 ingenio,

380 884 411 932 et
430 867 549 930 umbras
569 863 700 937 leonum,
721 864 796 928 idest
815 865 931 930 delitias
951 866 1156 940 cardinalium,
1171 881 1201 929 et
1221 886 1291 930 cum
1306 866 1413 951 quibus
1436 867 1583 949 gaudebas
1604 890 1666 933 car·

381 986 451 1051 pere
469 964 585 1027 florenti
606 978 693 1038 etate,
713 979 831 1027 etcum
853 964 959 1048 quibus
990 962 1106 1026 solebas
1127 983 1247 1047 carpere
1267 963 1370 1027 dulces
1392 986 1508 1029 amores
1531 968 1663 1050 uirginis,

380 1085 433 1128 seu
453 1083 585 1128 amorem
612 1078 771 1138 mammio,
798 1062 845 1127 vel
867 1062 1016 1145 gaudebas
1037 1062 1178 1147 inpellere
1204 1079 1325 1126 noctem
1355 1084 1495 1149 magnam
1524 1086 1592 1129 cum
1614 1082 1665 1129 tua

383 1160 619 1247 eloquentia‚·vel
634 1161 758 1245 longum
779 1161 911 1225 breviare
930 1162 1009 1224 diem
1025 1182 1163 1225 sermone
1177 1163 1316 1225 ineundo.
1331 1197 1341 1209 ·
1356 1162 1411 1225 Nil
1419 1184 1429 1224 .·
1444 1163 1484 1226 nil
1499 1166 1595 1247 sprevi
1610 1166 1665 1227 nisi

381 1262 547 1337 adunione,
568 1263 716 1325 ciuitatem
738 1260 866 1323 leroeem
894 1276 924 1323 et
951 1281 1057 1345 papam
1078 1260 1256 1324 clementem
1286 1277 1316 1325 et
1345 1277 1454 1326 terram
1476 1278 1665 1347 generantem

385 1382 496 1427 uenena
516 1363 641 1445 pessima
662 1376 692 1424 et
712 1362 913 1424 tristissimum
935 1375 1067 1429 semum,
1083 1362 1133 1446 qui
1150 1376 1253 1445 rcgnm
1268 1362 1318 1438 ibi,
1338 1376 1368 1423 et
1382 1383 1489 1447 aquam
1511 1364 1666 1447 pessimam

312 1498 315 1503 -
384 1476 503 1548 propter
523 1460 676 1546 plumbum
697 1476 728 1524 et
747 1460 930 1546 pulverem...
952 1476 982 1524 et
1003 1459 1141 1524 umbram
1154 1475 1314 1525 nocentem
1329 1476 1359 1523 et
1379 1460 1528 1525 infirmam
1549 1477 1579 1526 et
1598 1482 1668 1546 sepe

384 1575 619 1645 tetupestantem.
639 1595 650 1609 ·
671 1560 766 1623 Nola:
788 1559 862 1623 bene
883 1560 973 1637 novi;
992 1560 1045 1622 sed
1066 1574 1150 1623 unto
1170 1576 1306 1644 tempore
1326 1558 1382 1623 luit
1402 1560 1484 1646 quod
1505 1562 1600 1624 tenuit
1621 1582 1668 1625 me

384 1661 553 1727 eludentem
573 1661 647 1747 (sic)
667 1681 738 1723 usus
759 1674 789 1723 et
809 1679 903 1722 antor.

464 1761 520 1826 Nil
535 1762 666 1847 panim:
692 1759 809 1823 fortuna
837 1758 983 1843 gubernat
1014 1779 1059 1821 res
1086 1758 1243 1823 bominum
1274 1774 1305 1823 et
1326 1775 1424 1843 potest
1444 1758 1564 1823 obsiare
1584 1758 1669 1823 bonis

386 1862 525 1948 principis
545 1875 575 1925 et
595 1858 679 1924 malis
706 1860 875 1944 principijs;
898 1872 973 1935 turta,
993 1860 1018 1921 si
1046 1878 1104 1943 ego
1132 1880 1192 1922 non
1213 1858 1308 1937 fallor,
1329 1880 1388 1922 una
1409 1880 1526 1944 queque
1548 1861 1670 1923 recurrit

384 1960 421 2024 ad
435 1960 587 2046 principia,
601 1961 625 2023 si
639 1975 738 2022 nostra
760 1961 893 2043 presagia
909 1973 1027 2042 porum
1041 1957 1150 2044 aliquid
1165 1958 1360 2022 certitudinis.
1373 1994 1385 2005 ·
1400 1959 1471 2021 Hic:
1485 1974 1568 2044 pater
1586 1979 1670 2022 meus

361 2059 514 2145 portauit
532 2078 582 2122 me
608 2058 667 2122 hue
694 2080 711 2120 a
738 2056 869 2140 partibus
898 2059 972 2120 ruris
1000 2078 1126 2120 aeorum
1146 2078 1299 2120 meorum:
1321 2056 1384 2141 ipse
1405 2078 1465 2119 non
1486 2070 1602 2141 poterat
1621 2076 1672 2119 me

385 2158 543 2244 perducere
559 2157 595 2221 ad
609 2159 740 2243 peiorem
754 2172 867 2240 partem
882 2158 988 2240 etipse
1002 2173 1138 2220 mortuus
1153 2173 1199 2221 est
1213 2172 1242 2220 et
1257 2176 1315 2241 ego
1330 2158 1428 2219 servio
1440 2156 1492 2219 tibi
1504 2157 1562 2220 XX
1574 2158 1669 2220 annis.

387 2256 467 2323 nulla
487 2272 532 2321 est
550 2258 667 2333 iniuria,
681 2257 757 2319 iusta
777 2277 865 2320 causa
887 2273 989 2319 movet
1004 2273 1096 2319 meet
1116 2277 1188 2320 cura
1202 2258 1288 2342 patrii
1312 2256 1482 2340 sepulcmm
1503 2273 1548 2319 est
1569 2256 1672 2335 michi,

386 2377 438 2421 seu
457 2356 626 2441 sepulerum
647 2353 778 2418 initalia
799 2370 830 2420 et
850 2376 920 2419 cura
941 2371 987 2418 est
1007 2356 1099 2418 michi
1121 2358 1233 2440 petita3
1255 2372 1287 2419 tu
1310 2356 1407 2439 perdis
1429 2354 1527 2420 uerba.
1541 2390 1561 2403 -
1582 2356 1672 2442 Espe-

387 2456 507 2520 clnndo:
527 2454 694 2540 Respondet
714 2455 845 2519 llmiclas
866 2469 896 2518 et
916 2455 1002 2518 dicit:
1031 2475 1089 2539 ego
1118 2458 1209 2518 titneo
1231 2456 1311 2541 quod
1339 2456 1407 2518 steti
1435 2470 1552 2518 tantum
1572 2455 1620 2519 bic
1642 2470 1672 2519 et

386 2556 466 2641 quod
486 2556 588 2640 scripsi
609 2569 724 2618 tantum
745 2555 824 2639 quod
846 2556 978 2639 aportasi
994 2554 1078 2617 vobis
1094 2554 1241 2619 fastidium
1254 2579 1263 2631 ;
1278 2555 1354 2619 lortc
1368 2575 1425 2638 ego
1440 2575 1491 2617 ero
1511 2553 1672 2640 placiturus

386 2655 471 2741 alijs3
491 2654 608 2719 mnuoa
629 2655 756 2717 hominis
778 2675 838 2717 non
858 2668 947 2717 stat...
969 2670 1050 2718 certe
1071 2672 1227 2739 paupertas
1249 2676 1315 2718 mea
1337 2675 1397 2715 non
1418 2653 1509 2717 babet
1529 2640 1671 2718 maiorem

387 2770 498 2820 statum
517 2775 606 2839 quam
627 2770 678 2818 tua
698 2755 859 2841 opulentia,
880 2757 948 2840 quia
969 2755 1093 2841 quilibet
1114 2770 1212 2837 potest
1226 2757 1313 2837 mori,
1327 2757 1407 2837 quia,
1430 2754 1478 2816 ubi
1500 2770 1569 2816 sunt
1589 2753 1673 2838 plura

388 2854 472 2939 sigua
493 2854 610 2928 favoris,
630 2853 670 2917 ibi
695 2870 739 2917 est
766 2855 865 2916 minus
886 2854 973 2937 fidej:
996 2854 1047 2916 sed
1069 2855 1138 2930 iam,
1159 2854 1239 2931 audi,
1259 2875 1316 2931 aeo
1337 2868 1425 2916 uocat
1446 2874 1495 2915 me
1516 2868 1546 2915 et
1565 2851 1673 2936 dapnat

389 2974 487 3017 moras
507 2974 588 3017 mess
608 2968 639 3018 et
663 2953 709 3017 sol
736 2953 864 3018 declinat
891 2953 928 3015 ad
954 2973 1119 3017 occeanum
1147 2952 1326 3038 hyspanum,
1347 2954 1416 3037 quia
1438 2952 1472 3015 lit
1492 2973 1552 3015 nox
1573 2969 1603 3015 et
1623 2953 1673 3014 nis

388 3068 515 3139 occupat
533 3053 628 3117 altum
648 3069 812 3117 montem...
833 3067 864 3117 et
884 3073 974 3116 vacca
996 3073 1073 3130 ntea,
1093 3053 1169 3116 idest
1189 3055 1383 3137 paenarum,
1398 3067 1518 3115 revocat
1532 3072 1581 3115 me
1594 3051 1673 3115 dulci

389 3173 474 3218 voce
988 3188 994 3202 ·

472 3253 534 3339 lpse
550 3263 604 3339 per
623 3260 753 3316 esmlern:
773 3253 942 3337 Respondet
963 3252 1095 3315 Amielas
1110 3267 1140 3315 et
1153 3251 1241 3316 dicit:
1257 3272 1314 3337 ego
1329 3253 1392 3336 ipse
1408 3250 1516 3314 sedebo
1530 3272 1583 3336 per
1602 3267 1676 3314 esta·

389 3368 450 3417 tem
472 3353 599 3417 mediam
627 3352 672 3415 vel
695 3355 725 3415 in
753 3368 855 3422 monte
882 3353 978 3436 viridi,
1000 3351 1047 3415 vel
1069 3353 1099 3415 in
1120 3351 1198 3415 valle
1219 3351 1370 3428 umbrosa,
1390 3351 1438 3414 uel
1459 3353 1536 3413 iusta
1562 3349 1675 3413 iontem

390 3467 510 3515 cantatu
530 3451 586 3514 sub
605 3451 708 3515 lronde
728 3451 840 3515 arboris
861 3452 951 3530 lauri;
973 3454 1067 3515 etsie
1098 3451 1246 3515 cantando
1278 3472 1398 3535 pascam
1426 3465 1455 3512 et
1483 3449 1675 3533 complacebo

388 3552 452 3615 istis
472 3550 576 3615 italicis
597 3552 747 3629 divitibus,
762 3568 791 3615 et
806 3571 909 3635 pascar
922 3568 1005 3636 prata
1024 3552 1116 3614 florea
1139 3567 1168 3614 et
1189 3550 1329 3613 imitabor
1343 3552 1422 3613 uiros
1443 3549 1625 3633 eloquentes.
1646 3566 1676 3611 et

391 3651 469 3715 circa
489 3649 555 3715 loca
575 3649 692 3735 pulice.
714 3666 744 3714 et
764 3665 794 3712 te
814 3650 934 3713 habebit
955 3651 1066 3728 asinio,
1086 3650 1139 3713 sed
1159 3651 1342 3734 cogitamine
1365 3647 1527 3711 turbabunt
1547 3664 1586 3713 te.

908 4002 1060 4098 [reson
1082 4005 1153 4101 oq.

470 4350 534 4413 Heu
556 4347 681 4411 lacerti:
704 4351 736 4411 ln
758 4349 812 4411 ista
834 4348 942 4434 egloga
963 4351 1090 4413 intendit
1111 4366 1198 4412 autor
1218 4349 1384 4412 describere
1404 4347 1518 4411 cladem
1541 4368 1598 4431 que
1619 4345 1675 4407 luit

392 4464 525 4533 tempore
545 4469 609 4521 suo,
631 4447 768 4510 videlicet
789 4451 942 4514 M.CCC.8
968 4451 1042 4534 (sic)
1065 4466 1094 4511 et
1120 4450 1157 4511 ad
1179 4449 1236 4512 boc
1258 4448 1420 4512 introducit
1441 4449 1515 4509 duos
1537 4462 1677 4530 pastores.

391 4567 518 4633 quorum
539 4567 632 4610 uuum
654 4563 741 4610 vocat
770 4546 954 4631 pltilogeum,
975 4549 1112 4613 Alterum
1141 4547 1340 4631 theophilum.
1363 4567 1413 4630 per
1434 4545 1606 4630 plrilogeum
1628 4545 1678 4605 in-

392 4646 536 4732 telligitur
556 4661 670 4710 ammor
696 4663 772 4710 terre
799 4664 829 4711 et
857 4663 1054 4724 terrenorum,
1077 4653 1132 4713 Per
1153 4647 1340 4733 theophilum
1370 4646 1545 4730 intelligitur
1565 4660 1680 4705 ammos

354 4808 358 4814 .
392 4747 439 4811 dei
460 4761 490 4810 et
510 4746 686 4811 diuinorum.
709 4761 738 4809 et
758 4748 856 4831 primo
877 4749 1038 4811 introducit
1060 4748 1244 4834 pbilogeum,
1259 4747 1310 4834 qui
1332 4746 1411 4808 dolet
1430 4744 1468 4808 de
1482 4760 1563 4829 peste
1585 4759 1682 4805 terrc-

1620 4863 1658 4897 ἢ
