4125 5217
401 387 464 456 242
905 386 1054 435 antonio
1078 388 1186 435 avens

484 649 616 713 lizinio:
645 650 813 733 Respondet
843 652 935 714 lusca
964 665 994 712 et
1021 650 1112 713 dicit:
1142 649 1170 710 id
1199 664 1244 711 est
1271 648 1459 726 fabulosutn3
1487 666 1601 714 terrena
1628 654 1690 735 qui·

403 753 457 815 bus
472 751 526 813 alis
540 752 763 834 apprehendent
777 750 886 813 celum.
900 751 983 833 quasi
999 751 1093 812 dicat:
1109 750 1246 812 Cotuodo
1262 765 1360 832 potest
1374 748 1467 810 honio
1482 751 1614 813 ntortalis
1630 752 1689 813 sin-

402 873 469 915 cere
490 852 588 914 celum
611 852 692 935 qnod
713 867 757 912 est
772 850 1017 932 incorruptibile?
1031 885 1051 896 -
1070 850 1215 911 Etbrrrr's:
1238 848 1406 932 Respondet
1422 849 1543 931 l³ulgida
1559 865 1588 912 et
1602 850 1688 913 dicit:

398 953 500 1015 ‹atttnia
524 966 682 1035 reposcunt
704 972 774 1012 suos
795 952 936 1013 decursus
959 964 989 1011 et
1009 951 1052 1011 sic
1067 964 1158 1011 terras
1175 951 1302 1032 repascit
1316 970 1434 1031 corpus,
1446 965 1475 1011 et
1496 966 1574 1010 astra
1596 970 1691 1031 repos-

399 1069 472 1117 cunt
494 1055 635 1114 animant.
657 1087 677 1098 -
701 1052 813 1113 Fusco:
841 1050 1009 1132 Respondet
1032 1049 1142 1130 fulgida
1172 1065 1202 1112 et
1218 1049 1314 1111 dicit:
1336 1064 1368 1111 tu
1397 1049 1511 1111 liabitas
1534 1051 1690 1130 inpressis

401 1153 473 1215 locis
495 1166 524 1214 et
546 1172 607 1212 non
628 1152 719 1212 sentis
741 1143 969 1212 delectationem
985 1151 1062 1211 sicut
1083 1169 1208 1232 corpus;
1230 1148 1281 1210 sed
1303 1169 1367 1220 nos,
1382 1169 1433 1210 seu
1457 1149 1541 1220 ratio,
1557 1164 1691 1210 tenemus

400 1252 459 1314 alta
481 1267 510 1314 et
532 1250 723 1333 speculantur
743 1249 780 1311 ab
808 1249 868 1311 alto
900 1264 978 1311 statu
1007 1248 1073 1311 celi.
1102 1283 1122 1296 ·
1149 1247 1310 1333 Antltogrs:
1340 1248 1507 1331 Respondet
1536 1246 1641 1331 Nyobe
1661 1262 1691 1309 et

369 1386 372 1390 ·
400 1352 491 1414 dicit:
514 1352 704 1414 dimictatnns
726 1352 782 1413 ista
803 1350 953 1432 antbigua,
975 1370 1034 1433 que
1055 1347 1092 1410 ab
1113 1347 1252 1409 omnibus
1274 1363 1344 1410 sunt
1364 1348 1526 1410 discussa..
1548 1363 1577 1410 et
1598 1347 1691 1409 dimi-

400 1453 487 1514 ctatis
510 1450 591 1513 litent
615 1452 678 1513 istis
707 1452 832 1532 posteris
854 1466 883 1512 et
906 1466 948 1522 tu,
971 1448 1093 1531 fulgida,
1115 1451 1211 1530 tnagis
1233 1447 1321 1510 l'acias
1350 1447 1469 1510 titulutn
1492 1446 1641 1530 sepulture
1662 1463 1691 1509 et

401 1550 445 1614 lac
465 1550 681 1634 epythapitiutu
704 1549 864 1633 sepulture,
877 1550 946 1632 qnia
968 1564 999 1610 tu
1023 1550 1121 1611 noscis
1143 1546 1271 1609 scribere
1293 1549 1424 1609 metrice.
1447 1583 1466 1594 -
1487 1549 1562 1609 Hic:
1580 1546 1690 1629 fulgida

376 1691 379 1698 -
400 1652 484 1732 ponit
504 1650 726 1733 epytltapltiunt
747 1665 776 1712 et
797 1650 887 1712 dicit:
911 1652 965 1710 ista
988 1649 1137 1710 laureetta·
1153 1646 1330 1731 derelinquit
1352 1669 1440 1708 sunan
1455 1668 1566 1730 corpus
1583 1662 1612 1709 et
1634 1662 1691 1708 stat

401 1752 431 1811 in
452 1749 524 1811 celis
540 1765 569 1812 et
591 1749 705 1812 habitat
727 1765 804 1812 tecta
827 1765 856 1811 et
879 1751 990 1832 regiani
1012 1748 1083 1822 celi3
1108 1763 1138 1810 et
1160 1750 1221 1829 ipsa
1243 1747 1409 1832 frequentat
1430 1769 1546 1809 ntensas
1567 1748 1691 1810 deorum

401 1865 431 1912 et
453 1848 537 1911 beata
560 1869 641 1911 mors
664 1871 722 1911 non
747 1849 843 1912 solunt
868 1849 987 1911 resolvit
1009 1849 1107 1930 ipsunt
1127 1867 1235 1930 corpus
1258 1850 1365 1931 etipsa
1387 1847 1519 1910 tnentbra
1542 1847 1641 1929 pulcra
1662 1862 1690 1909 et

401 1969 482 2011 ntors
504 1950 603 2033 tetigit
624 1950 691 2012 alba
712 1949 788 2013 colla
811 1966 839 2011 et
860 1949 964 2011 oculos
987 1950 1130 2010 micantes
1152 1962 1182 2009 et
1205 1947 1303 2009 vultus
1332 1968 1451 2010 serenos
1479 1963 1509 2010 et
1535 1949 1589 2009 ista
1611 1967 1691 2009 ntors

400 2047 549 2132 sepellivit
569 2051 668 2112 istam.
688 2070 761 2132 ergo
783 2049 879 2111 latuus
902 2050 1016 2131 estqui
1039 2048 1136 2129 diligit
1158 2046 1293 2109 mortalia
1322 2064 1374 2109 ant
1395 2062 1493 2130 sperat
1514 2046 1605 2130 ligere
1625 2063 1691 2110 sta-

401 2147 475 2211 biles
496 2147 628 2230 plantas;
651 2148 789 2212 nobilitas
810 2148 881 2232 quid
909 2148 1046 2209 videlicet
1074 2162 1104 2209 et
1132 2147 1272 2229 probitas,
1294 2147 1366 2230 quid
1393 2167 1475 2230 opes,
1496 2147 1566 2230 quid
1587 2146 1691 2220 forma,

399 2248 471 2331 quid
494 2263 555 2310 etas
577 2264 607 2310 et
629 2249 754 2310 decorus
775 2264 897 2310 umatus
918 2248 989 2332 quid
1018 2247 1161 2330 prodest?
1182 2249 1266 2332 quasi
1292 2248 1388 2310 dicat:
1411 2246 1512 2309 nichil.
1533 2263 1563 2309 et
1584 2267 1689 2331 magna

400 2345 496 2428 gloria
516 2346 608 2410 nichil
631 2347 761 2430 prodest,
775 2367 834 2431 que
848 2349 947 2409 omnia
962 2349 1150 2430 contigerant
1166 2346 1207 2408 illi
1223 2346 1376 2409 laureette.
1392 2368 1472 2409 mors
1488 2349 1561 2431 rapit
1575 2348 1690 2423 omnia,

400 2446 455 2506 ista
478 2445 588 2507 nudata
610 2448 716 2529 repetit
737 2446 836 2509 celum
857 2447 894 2510 de
921 2467 1040 2509 carcere
1060 2467 1124 2508 suo.
1153 2482 1174 2495 -
1195 2446 1303 2507 Ninia:
1327 2446 1496 2528 Respondet
1523 2447 1629 2532 Nyobe
1649 2446 1689 2509 di·

399 2563 482 2621 cens,
503 2565 615 2606 vocans
642 2547 731 2607 istam
753 2546 883 2621 nudatn;
911 2561 992 2609 certe
1014 2566 1074 2607 non
1106 2562 1151 2607 est
1181 2567 1271 2631 quant
1301 2545 1397 2629 gloria
1425 2546 1521 2609 adhuc
1545 2548 1631 2609 restit
1659 2562 1687 2609 et

399 2645 526 2706 amictus
548 2646 690 2707 continue
712 2648 801 2708 vestit
821 2666 898 2721 eam,
920 2661 950 2708 et
978 2647 1125 2708 recentior
1145 2647 1200 2708 ista
1229 2646 1326 2729 longis
1348 2649 1441 2710 annis.
1471 2649 1526 2709 ista
1548 2646 1689 2709 lanreetta

400 2744 455 2805 erit
478 2757 559 2806 tante
581 2744 676 2826 glorie
697 2745 777 2827 quod
799 2766 986 2829 quecumque
1008 2746 1115 2807 ntulier
1143 2746 1240 2829 placet
1267 2746 1322 2808 sibi
1345 2764 1396 2808 aut
1424 2747 1507 2809 vultu
1529 2764 1579 2809 aut
1600 2764 1689 2810 cantu

398 2863 451 2926 per
471 2857 589 2927 tempus
611 2843 745 2905 iuturutn
767 2861 797 2907 et
817 2848 939 2928 cupiens
960 2845 1086 2929 placere,
1100 2845 1204 2908 reseret
1218 2848 1305 2908 istam
1326 2861 1396 2908 ante
1416 2845 1520 2908 oculos
1541 2867 1620 2908 suos.
1635 2865 1689 2907 nos

398 2941 528 3005 feremus
550 2943 626 3006 ltanc
649 2960 818 3021 moneam,
838 2944 887 3008 vel
908 2946 986 3029 apud
1007 2945 1130 3008 flumina
1153 2946 1238 3008 letea.
1261 2966 1315 3007 nec
1338 2947 1393 3007 erit
1414 2945 1545 3024 oblivio;
1567 2967 1621 3008 nos
1643 2945 1690 3009 le-

399 3062 498 3104 remus
519 3044 608 3104 istam
629 3043 755 3105 formam
778 3042 984 3127 pulcritudinis
1006 3059 1036 3106 et
1057 3065 1175 3127 semper
1194 3066 1284 3128 super
1310 3046 1369 3108 hoe
1393 3047 1488 3116 corde,
1505 3045 1689 3108 memorabili

397 3156 552 3225 tamquam
574 3144 711 3227 exemplo
740 3145 889 3226 pudicitie.
918 3160 947 3207 et
976 3146 1170 3227 apostrophat
1199 3147 1228 3206 in
1253 3147 1348 3228 ipsam
1376 3145 1527 3208 delnntam
1549 3162 1578 3208 et
1597 3146 1687 3210 dicit:

396 3261 418 3304 o
438 3239 493 3302 dea
513 3257 643 3319 mortua,
666 3259 751 3305 tuum
775 3264 884 3307 nomen
907 3259 977 3306 tunc
999 3244 1091 3306 exibit
1112 3245 1149 3307 de
1170 3260 1273 3306 nostro
1295 3260 1425 3328 pectore,
1444 3267 1513 3308 cum
1535 3245 1652 3308 stelles
1669 3282 1689 3293 -

398 3340 481 3422 gient
502 3338 538 3400 de
560 3341 621 3401 suis
643 3339 781 3417 sedibus3
805 3356 834 3403 et
855 3357 927 3404 tunc
950 3363 1007 3426 ego
1028 3342 1195 3427 relinquam
1217 3364 1327 3405 nornen
1349 3359 1446 3421 tuum,
1461 3366 1530 3406 cum
1551 3366 1620 3429 apes
1642 3345 1688 3407 de·

397 3438 496 3500 sinent
517 3438 660 3501 fabricare
682 3440 740 3503 ntel
763 3457 791 3503 et
814 3462 883 3505 cum
905 3464 974 3505 aves
1002 3443 1209 3527 derelinquent
1231 3445 1315 3505 nidos
1345 3459 1373 3505 et
1395 3460 1494 3506 turtur
1515 3447 1686 3528 coniugium

397 3552 427 3599 et
448 3535 535 3620 lupus
556 3539 678 3622 predam
700 3554 729 3601 et
757 3561 863 3623 capree
884 3542 1027 3624 virgulta,
1050 3557 1079 3605 et
1105 3543 1224 3626 quando
1252 3542 1359 3605 ntulier
1381 3544 1526 3606 custodita
1554 3544 1687 3607 ditnictet

368 3726 371 3730 Ι
395 3635 481 3699 dolos
502 3652 532 3699 et
552 3637 679 3712 fraudes,
702 3654 731 3702 et
754 3641 873 3723 quando
895 3661 997 3703 servus
1019 3642 1155 3705 ditnictet
1177 3643 1341 3706 mendacia.

910 4010 1061 4104 [Emona
1084 4011 1172 4106 XIl.]

479 4317 542 4393 Qne
562 4338 657 4380 noan:
681 4320 712 4380 ln
734 4320 789 4379 ista
810 4317 915 4380 nltitna
930 4317 1038 4403 egloga
1054 4335 1141 4382 autor
1155 4321 1279 4383 intendit
1294 4319 1459 4383 describere
1475 4319 1583 4382 bellum
1605 4320 1684 4404 quod

394 4412 449 4477 luit
472 4430 605 4499 tentpore
626 4438 681 4479 suo
704 4419 780 4479 inter
800 4418 874 4480 duos
896 4440 1022 4502 magnos
1044 4435 1187 4501 pastores,
1208 4439 1260 4483 seu
1283 4440 1385 4503 regem
1406 4420 1515 4481 francie
1533 4436 1562 4482 et
1576 4419 1682 4501 anglie.

343 4545 346 4549 ¹
395 4528 425 4577 et
452 4515 614 4578 introducit
634 4517 709 4578 ducis
731 4534 873 4600 pastores,
894 4539 946 4581 seu
969 4518 1159 4596 multivolum
1182 4534 1211 4581 et
1232 4520 1407 4594 eolucruut3
1422 4540 1473 4601 per
1494 4519 1682 4581 multivolum

393 4614 522 4697 inteligit
545 4616 662 4698 tulgus,
685 4639 736 4700 per
757 4617 912 4680 volucrum
934 4618 1073 4701 intelligit
1095 4618 1233 4681 festinum
1249 4622 1429 4702 nuntptiunt.
1444 4619 1534 4681 modo
1555 4620 1601 4679 isti
1623 4617 1683 4679 duo

394 4731 512 4777 narrant
529 4736 617 4777 unus
646 4715 740 4793 alteri,
769 4733 798 4780 et
825 4720 923 4802 priato
951 4716 1082 4803 loquitur
1110 4717 1285 4781 ntultitolus
1318 4718 1451 4794 volucro,
1478 4718 1596 4780 dicens:
1625 4736 1683 4801 que
