4125 5217
372 383 430 465 196
872 394 1018 442 amomo
1043 395 1149 441 arma

369 530 599 543 -m—-n--c-
611 528 866 539 *nom

367 663 508 734 lauream,
530 660 653 742 poesim.
679 658 795 740 uestigio
817 656 889 718 dicit
909 665 1017 740 spansa,
1040 658 1109 738 quia
1130 656 1245 717 diversa
1267 656 1295 715 in
1318 674 1425 715 norem
1448 670 1556 734 partes,
1578 653 1651 715 idest

368 767 398 827 iu
420 782 527 825 novem
551 781 650 821 musas
663 782 670 832 ;
685 760 771 821 dicit:
782 758 860 840 sero.
876 759 942 839 quia
964 757 1053 818 ardua
1075 771 1104 818 et
1125 756 1188 817 dira
1210 772 1252 817 est
1275 771 1303 816 et
1325 755 1459 836 haspera,
1481 776 1535 817 nec
1556 769 1652 837 potest

369 865 472 927 leuiter
492 862 577 945 eapi;
599 858 645 921 rel
668 860 759 920 dicit:
784 859 900 940 torigia
931 867 1041 941 sparsa,
1064 856 1139 918 idest
1172 857 1292 936 vestigia
1315 854 1434 916 domine
1456 855 1563 926 lauree,
1585 857 1652 937 quia

369 966 431 1046 ipse
451 982 569 1043 semper
589 980 655 1023 eun
678 956 856 1041 sequebatur
872 959 900 1018 in
914 976 1033 1018 omnem
1056 956 1154 1019 locum
1176 977 1236 1039 quo
1258 953 1330 1029 ibit;
1351 955 1438 1015 dicit:
1453 956 1571 1036 vestigio
1581 956 1653 1036 fera

368 1067 437 1147 quia
459 1062 518 1125 iera
540 1076 602 1124 erat
625 1076 654 1122 et
676 1062 825 1121 amantiss
848 1060 877 1118 in
900 1059 1050 1140 proposito
1072 1077 1127 1118 suo
1148 1058 1271 1140 optimo.
1294 1091 1303 1103 ·
1326 1056 1407 1138 fagil
1428 1055 1490 1122 illo,
1512 1075 1562 1115 seu
1584 1053 1654 1124 iera,

372 1162 458 1226 Unde
479 1162 622 1234 scientia,
645 1180 712 1220 nain
735 1179 804 1244 cum
826 1160 893 1239 quis
914 1159 996 1239 cupit
1017 1156 1146 1240 aliquam
1170 1176 1230 1217 rem
1254 1171 1282 1216 et
1312 1176 1421 1236 magno
1450 1156 1561 1237 impetu
1590 1173 1653 1214 eam

370 1264 512 1344 sequitur,
536 1260 652 1321 uidetur
673 1280 739 1322 eam
762 1258 873 1341 lugere,
888 1259 1021 1342 quatiaris
1043 1278 1074 1318 se
1091 1276 1149 1317 non
1165 1271 1293 1317 nioseat.
1311 1259 1386 1318 Nam
1402 1256 1517 1316 animus
1532 1253 1654 1336 cupidus

371 1362 460 1424 vellet
481 1362 569 1423 citius
589 1381 681 1443 qnam
703 1358 791 1422 liceat
812 1358 892 1443 quod
914 1360 994 1440 cupit
1008 1356 1136 1431 habere;
1152 1355 1198 1417 cel
1212 1355 1283 1418 dicit
1297 1355 1334 1417 de
1348 1357 1409 1436 ipsa
1424 1355 1542 1415 domina
1558 1354 1653 1415 laurea

369 1482 428 1544 que
449 1476 569 1546 propter
590 1459 778 1521 honestatem
800 1475 829 1521 et
850 1460 950 1519 animo
971 1478 1002 1520 se
1016 1456 1198 1519 ostendebat.
1213 1489 1223 1503 ·
1239 1481 1254 1513 e
1268 1476 1340 1517 meos
1354 1455 1463 1517 ‹lulorrs
1478 1456 1571 1529 nescit,
1582 1453 1655 1515 idest

373 1561 487 1623 labores
503 1575 531 1621 et
547 1558 689 1621 desideria
713 1558 850 1620 inrisio»
867 1558 903 1619 ad
919 1573 1074 1641 utramque
1097 1577 1157 1617 rem
1180 1556 1315 1638 pertinet.
1330 1590 1340 1602 ·
1354 1555 1393 1616 ml
1414 1555 1468 1623 laec.
1484 1574 1535 1616 seu
1558 1552 1656 1623 uerba,

372 1663 454 1744 eirgu
469 1658 592 1742 Callope
612 1657 780 1719 subridens:
803 1659 944 1732 tinuimus,
957 1657 1067 1741 inquid,
1082 1657 1188 1723 aurinia,
1203 1676 1254 1717 seu
1270 1654 1412 1717 desideria
1421 1670 1478 1715 tua
1499 1654 1656 1716 etlabores

373 1776 460 1834 tuus;
493 1774 525 1821 tu
544 1759 688 1841 'sequeris
721 1757 895 1820 thesalidem
917 1757 1084 1840 dampnent,
1105 1758 1174 1841 quia
1206 1755 1327 1817 thesalia
1356 1754 1410 1816 luit
1437 1754 1578 1836 dampne:
1598 1752 1655 1814 lilia

370 1860 475 1944 dapnej
488 1860 654 1922 secundum
668 1858 813 1932 lebulam3
826 1879 878 1941 per
887 1878 986 1942 quam,
1003 1874 1034 1919 ut
1050 1856 1214 1939 predictum
1227 1869 1281 1929 est,
1292 1853 1469 1936 intelligitur
1478 1856 1540 1937 ipsa
1552 1855 1657 1936 poesis,

373 1959 419 2021 rel
441 1961 503 2042 ipsa
524 1959 645 2020 domina
668 1956 778 2020 laurea.
800 1993 810 2005 ·
830 1966 881 2041 per
901 1957 1066 2041 cunsragm,
1081 1957 1155 2019 idest
1171 1976 1222 2040 per
1243 1955 1308 2019 loca
1329 1976 1430 2037 aspera
1450 1969 1479 2016 et
1493 1953 1575 2028 dura,
1589 1954 1657 2038 quia

371 2058 550 2142 sequebatur
570 2058 723 2119 dorninam
746 2056 907 2119 lauream·
923 2055 1048 2141 fnlurln:
1069 2078 1121 2119 seu
1143 2057 1197 2119 hec
1220 2055 1315 2117 fabula
1337 2056 1446 2118 dicitur
1466 2056 1524 2116 iam
1546 2054 1658 2138 pridem

373 2158 526 2219 notissima
541 2159 636 2239 aonijs
655 2154 741 2231 lucis,
754 2158 829 2218 idest
844 2160 948 2237 grecis,
963 2157 1039 2218 idest
1053 2176 1104 2239 per
1119 2172 1212 2219 totam
1228 2156 1359 2241 ytaliam,
1374 2176 1431 2238 quc
1447 2156 1541 2216 maior
1561 2153 1657 2235 grecia

372 2257 534 2339 antiquitus
549 2258 627 2320 dicta
644 2272 698 2317 est.
714 2260 791 2319 Nam
807 2256 861 2318 hec
879 2278 922 2319 res
936 2256 1088 2338 diuulgata
1104 2273 1165 2318 erat
1185 2257 1214 2317 ln
1230 2256 1414 2319 inultissimis
1429 2255 1509 2318 locis.
1524 2290 1534 2302 ·
1547 2256 1569 2327 l,
1582 2254 1659 2318 ldest

373 2355 447 2418 rade
461 2371 570 2431 certus,
585 2356 660 2417 idest
674 2377 744 2418 cum
766 2355 864 2438 aliqua
882 2356 1066 2418 certitudine.
1081 2391 1091 2403 ·
1106 2357 1230 2418 lentescat
1244 2359 1317 2417 enim
1336 2359 1407 2441 ipso,
1423 2375 1474 2417 seu
1489 2356 1615 2437 dampne
1629 2370 1658 2416 et

372 2457 435 2539 ipsa
454 2458 586 2529 scientia,
601 2475 671 2515 cum
686 2458 799 2537 ceperis
814 2459 958 2538 attingere
972 2477 1056 2531 eaur;
1074 2454 1119 2517 rel
1135 2456 1170 2517 de
1185 2458 1246 2539 ipsa
1261 2456 1378 2518 domina
1396 2456 1493 2518 laurea
1509 2469 1604 2539 potest
1619 2458 1660 2515 in·

374 2554 478 2636 telligi.
499 2589 510 2602 ·
531 2563 622 2617 Μυκη
645 2558 738 2639 accipe
760 2556 832 2617 hrain
855 2576 965 2618 retritum
986 2558 1078 2640 prins,
1102 2578 1216 2618 ramum
1238 2577 1289 2619 scu
1312 2557 1396 2629 lauri,
1411 2556 1490 2641 quod
1505 2571 1548 2617 est
1563 2557 1658 2638 ipsum

374 2652 569 2715 sufficientem
592 2676 676 2730 esse;
695 2656 863 2719 etdecersit
886 2654 1048 2718 lomrosum
1072 2678 1186 2718 nonum
1209 2672 1310 2719 tenero
1333 2656 1438 2739 pollice
1460 2658 1520 2738 ipsa
1542 2676 1594 2716 seu
1615 2674 1659 2717 ca·

375 2750 452 2835 linpe
474 2769 503 2814 et
525 2757 654 2835 porrexit
677 2756 760 2815 illum
788 2756 875 2816 michi
909 2758 1026 2838 cupido,
1049 2757 1123 2818 idest
1152 2757 1312 2818 all'ectatim
1343 2772 1371 2817 et
1400 2757 1480 2818 hait:
1512 2755 1575 2822 ihs,
1597 2753 1659 2823 iln's,

375 2850 533 2932 (geminat,
556 2869 588 2913 ut
609 2854 746 2914 ostendat
769 2856 911 2916 maiorem
933 2856 1089 2939 ellectum)
1111 2857 1237 2940 ilicesque
1256 2872 1286 2918 te
1300 2857 1403 2918 uidisse
1425 2877 1521 2917 nonem
1543 2874 1659 2923 sanares,

376 2950 421 3012 sel
450 2971 569 3026 musas;
598 2973 689 3036 quas,
718 2974 770 3015 seu
800 2975 915 3029 musas,
944 2955 1070 3039 uulgus,
1102 2957 1176 3018 idest
1205 2956 1342 3039 vulgares
1370 2956 1520 3032 hornines,
1553 2952 1660 3039 nequid

374 3049 478 3130 (idestz
495 3072 554 3113 nnn
575 3055 716 3136 possunt)
738 3071 880 3137 spectare,
902 3057 1056 3138 inspicere,
1071 3056 1120 3118 sed
1143 3056 1300 3117 solumodo
1324 3054 1545 3138 singularissimj
1570 3070 1597 3117 et
1619 3056 1660 3115 in·

374 3151 488 3232 geniosi
505 3152 557 3232 rirj
568 3173 675 3235 pquas,
692 3174 749 3215 -seu
765 3175 875 3229 nmsas,
891 3154 969 3217 nulla
985 3177 1068 3216 mens
1084 3155 1195 3230 inbuta,
1211 3156 1285 3218 idest
1300 3156 1387 3239 plena·
1400 3156 1557 3238 prophanis
1572 3156 1659 3227 curis,

373 3250 693 3314 circunnolutionibus
716 3254 829 3327 uidet„
851 3255 960 3338 quihus,
975 3276 1025 3317 seu
1049 3256 1132 3317 nohis
1155 3258 1257 3330 musis,
1271 3257 1296 3318 si
1307 3255 1396 3341 plora
1419 3258 1531 3340 rogaris
1551 3276 1602 3317 seu
1624 3255 1661 3318 ab

375 3352 435 3432 ipsa
456 3350 594 3433 dampne,
616 3352 663 3415 dic
686 3354 795 3415 vidisse
815 3371 959 3438 quantum
985 3378 1048 3418 csse
1079 3358 1180 3420 docuit
1212 3378 1349 3441 pyrenes,
1372 3378 1492 3441 preceps
1513 3358 1549 3417 de
1570 3371 1660 3431 turre,

375 3468 495 3510 morere
518 3449 591 3511 bella
615 3453 642 3512 si
665 3467 694 3513 et
725 3451 812 3513 dolis.
835 3453 942 3516 Fabula
975 3472 1018 3518 est
1049 3457 1195 3540 quendam
1229 3458 1379 3538 pireneum
1412 3458 1553 3539 recepisse
1584 3458 1660 3538 ipsas

375 3569 473 3609 musas
495 3550 526 3611 iu
547 3550 638 3611 domo
659 3573 722 3628 sua,
746 3553 907 3635 lingentem
931 3556 1004 3617 uelle
1025 3577 1074 3618 eas
1095 3556 1261 3629 honorare;
1282 3556 1398 3641 quibus,
1417 3577 1559 3640 posquam
1581 3555 1661 3619 luere

374 3649 404 3708 in
425 3648 526 3722 dono,
549 3650 648 3711 clausa
671 3652 769 3727 ianua,
792 3653 886 3716 soluit
909 3656 966 3716 sian
990 3656 1112 3731 inferre;
1127 3677 1185 3739 que
1200 3678 1251 3740 per
1279 3656 1419 3719 fenestras
1442 3656 1589 3739 sugerunt.
1611 3656 1661 3718 ille

376 3766 455 3818 vero,
477 3747 579 3809 volens
602 3765 630 3810 et
652 3750 775 3812 credens
797 3773 845 3813 eas
867 3755 948 3836 sequi
971 3775 1022 3836 per
1042 3754 1159 3817 easdem
1182 3755 1331 3831 fenestras,
1356 3777 1387 3817 se
1413 3758 1510 3838 posuit
1532 3758 1561 3817 in
1583 3777 1660 3819 sum·

374 3845 477 3906 mirate
505 3849 593 3908 turris
622 3869 676 3910 sue
704 3864 734 3910 et
762 3853 791 3912 in
821 3854 1004 3934 precipitium
1033 3854 1159 3929 cecidit3
1181 3875 1238 3937 que
1266 3854 1361 3917 sabula
1384 3856 1542 3937 allegorice
1570 3855 1659 3918 nichil

373 3942 452 4005 aliud
475 3945 540 4008 vult
560 3947 668 4021 dicere,
691 3951 746 4011 nisi
768 3951 847 4034 quod
869 3951 958 4035 aliqui
981 3975 1049 4015 cum
1071 3954 1141 4016 lalsa
1163 3956 1361 4016 ostentatione
1384 3972 1411 4016 et
1427 3954 1588 4018 :atarbitione
1610 3955 1660 4017 lin·

374 4059 448 4124 gunt
470 4066 501 4107 se
523 4048 597 4108 scire
619 4064 647 4109 et
671 4048 764 4112 multa
785 4051 903 4113 studere
924 4069 952 4115 et
984 4053 1040 4117 hoc
1073 4055 1169 4117 solum
1198 4071 1318 4137 propter
1349 4056 1473 4138 gloriam
1503 4077 1608 4117 vanam
1630 4072 1659 4118 et

374 4163 432 4203 non
455 4161 574 4226 propter
596 4149 759 4225 s'irtute1u3
781 4166 809 4212 et
842 4151 880 4233 hij
904 4152 1043 4215 dicuntur
1074 4156 1133 4215 rim
1164 4154 1271 4217 inferre
1299 4157 1430 4231 scientie,
1452 4157 1502 4239 qui
1525 4156 1660 4217 videntur

374 4261 437 4303 eam
460 4265 587 4321 cercare,
610 4264 639 4309 et
661 4248 742 4311 illam
764 4252 933 4333 ispemunt3
949 4252 997 4314 illa
1014 4275 1094 4328 reru,
1108 4272 1204 4338 spreta
1220 4269 1249 4318 et
1265 4275 1324 4317 non
1347 4255 1437 4332 culta,
1452 4276 1506 4319 nec
1522 4270 1657 4318 senerata

374 4340 498 4423 fugitet
522 4347 650 4421 recedit;
674 4348 819 4429 illicem,
842 4352 973 4415 colentes
996 4374 1059 4415 eam
1086 4356 1167 4437 sequi
1191 4357 1253 4417 sine
1280 4356 1378 4417 studio
1407 4371 1436 4417 et
1457 4355 1566 4431 labore,
1589 4375 1659 4440 pre-

372 4442 476 4523 cipites
498 4443 606 4507 cadunt
628 4448 657 4508 in
681 4447 831 4511 infamiam
860 4466 889 4512 et
910 4451 1010 4523 decus,
1031 4456 1093 4538 qui,
1114 4457 1224 4539 cogniti
1248 4472 1316 4517 sunt
1348 4457 1378 4517 in
1411 4454 1469 4518 line
1489 4457 1658 4541 ignorantes

373 4560 437 4600 esse
448 4558 487 4613 et,
499 4544 538 4604 ita
554 4548 654 4629 spreti,
666 4550 947 4631 precipitescadunt
962 4554 990 4614 in
1007 4557 1100 4637 ipsam
1115 4556 1265 4616 inlamianr
1278 4557 1474 4639 ingnorantie.
1486 4592 1496 4603 ·
1510 4553 1657 4639 atquibus,

369 4661 423 4698 sen
444 4642 541 4703 nobis.
563 4678 574 4690 ·
594 4646 684 4709 dicit:
708 4670 794 4733 pinam
817 4657 916 4720 lithini,
932 4674 982 4715 sen
1005 4676 1079 4730 esse,
1101 4656 1218 4717 ‹loritere
1239 4655 1323 4737 (prm
1346 4656 1526 4738 docuemnt)
1539 4655 1601 4739 pire
1621 4653 1658 4714 lu·

343 4755 454 4814 qssacts
473 4744 543 4803 ancl
563 4747 615 4808 ael
628 4750 751 4838 airgnnb
781 4776 898 4822 mot't’rc
929 4755 1009 4822 nadis
1036 4755 1118 4832 lullo.
1137 4755 1250 4822 bubula
1274 4758 1422 4841 estquod
1449 4776 1559 4817 nosem
1578 4753 1661 4814 luere

1072 4860 1076 4893 l
