4125 5217
832 398 864 448 ιι
886 397 1075 448 aucoucnu
1098 396 1230 446 canum
1606 396 1671 467 ²39

379 660 471 741 dieo,
491 661 669 724 scribentem
698 676 780 745 gesta
802 659 984 742 evangeliste
1003 660 1055 743 qui
1088 660 1220 744 pingitur
1243 658 1357 742 aquile,
1378 679 1448 723 cum
1477 659 1550 723 facie
1579 659 1673 735 boris,

386 759 480 824 leonis
501 760 545 847 [et
567 759 717 847 Hominis]
739 776 795 824 etc.
817 780 869 824 seu
891 759 1097 844 evangelistas.
1119 795 1139 808 -
1160 761 1280 824 tandem
1308 761 1437 845 procedo
1460 762 1575 825 visurus
1602 782 1674 847 opes

388 862 479 945 partis
499 862 603 925 tuscie

468 959 566 1021 Hinc:
584 956 725 1022 describit
744 979 868 1023 runstuar
889 960 1038 1035 iuvenem,
1058 960 1108 1043 quj
1138 960 1233 1023 voluit
1261 959 1426 1023 describere
1454 962 1494 1023 itn
1515 959 1575 1024 alte
1594 961 1674 1044 quod

390 1055 585 1121 nullomodo
611 1072 733 1142 possent
753 1057 878 1141 intelligi
906 1078 958 1120 sun
986 1060 1118 1121 carmina
1146 1064 1176 1121 'et
1195 1060 1286 1122 nimis
1308 1059 1401 1143 rigide
1422 1061 1549 1143 scripsit,
1570 1076 1599 1123 et
1620 1059 1675 1122 fuit

388 1159 425 1241 de
445 1157 592 1224 vulterris.
613 1192 634 1206 -
655 1161 692 1221 Et
711 1157 851 1221 describit
878 1156 983 1232 alium,
1002 1179 1054 1221 seu
1076 1179 1280 1236 ctauousust,
1301 1162 1352 1244 qui
1375 1159 1429 1222 fuit
1448 1159 1624 1223 florentinus
1645 1175 1674 1223 et

387 1255 445 1321 fuit
457 1272 525 1341 post
537 1278 642 1321 omnes
656 1256 740 1319 alios.
755 1272 784 1319 et
805 1257 878 1320 dixit
901 1258 985 1321 valde
1005 1258 1094 1335 clare,
1107 1275 1136 1322 et
1152 1275 1196 1322 est
1210 1259 1383 1322 claudianus
1398 1262 1494 1322 maior
1510 1274 1540 1323 et
1562 1262 1675 1334 minor;

389 1371 420 1421 et
433 1357 500 1420 ideo
514 1357 601 1420 dicit:
617 1355 692 1419 alter
705 1372 842 1441 expertus
864 1360 1017 1420 materiam
1033 1357 1133 1436 vilem,
1148 1380 1200 1421 seu
1221 1360 1259 1422 de
1281 1358 1377 1421 rufino
1398 1357 1521 1422 consule
1543 1378 1676 1431 romano,

388 1459 499 1522 vitioso
518 1456 649 1520 homine.
670 1491 691 1505 ·
712 1458 825 1520 Deinde
845 1478 902 1542 ego
924 1478 982 1521 nnn
1007 1461 1116 1544 recipio
1136 1459 1229 1522 alium
1248 1473 1388 1544 poetam3
1409 1460 1460 1522 sed
1475 1480 1533 1543 ego
1554 1460 1674 1522 transivi

389 1577 443 1641 per
461 1577 544 1620 mare
564 1556 650 1643 galle.
666 1572 696 1620 et
716 1559 812 1641 tangit
833 1578 924 1620 unum
946 1574 1076 1642 poetam,
1090 1579 1142 1621 seu
1157 1579 1308 1635 acessus,
1322 1560 1374 1643 qui
1396 1556 1451 1622 fuit
1472 1560 1508 1621 de
1528 1559 1676 1634 corduba;

391 1671 421 1720 et
441 1658 497 1720 iste
518 1656 641 1721 lucanus
662 1671 725 1720 erat
745 1677 852 1720 canens
874 1656 933 1719 alta
953 1657 990 1721 ad
1011 1659 1106 1721 solem
1129 1659 1209 1721 nudo
1231 1659 1431 1743 t·ertice,quia
1453 1679 1610 1744 nunquam·
1620 1658 1674 1721 fuit

294 1801 296 1806 «
391 1754 550 1833 laureatus,
565 1770 595 1819 et
615 1754 665 1819 ille
685 1755 777 1819 nichil
799 1754 908 1819 habens
923 1757 960 1820 de
974 1758 1107 1820 moribus
1129 1756 1287 1822 barbaricis
1305 1773 1334 1821 et
1356 1756 1447 1821 nichil
1468 1757 1579 1821 habens
1601 1758 1677 1819 fron·

183 3878 205 3906 v·
221 3876 273 3916 su·
282 3864 319 3915 ³⁸²

391 1856 429 1919 tis
450 1855 544 1941 rigide
558 1871 589 1920 et
609 1854 780 1942 hyspanice.
801 1891 822 1905 -
842 1860 880 1920 Et
900 1859 997 1939 tangit
1018 1857 1121 1933 alium,
1136 1878 1188 1920 seu
1211 1878 1354 1922 nestsear
1371 1859 1422 1941 qui
1445 1856 1499 1921 fuit
1518 1858 1675 1920 orriundus

391 1954 429 2018 de
441 1957 599 2039 aragoni23
614 1971 643 2018 et
658 1954 712 2018 fuit
733 1956 851 2018 condita
866 1956 903 2018 ab
916 1958 1080 2033 nanniano,
1104 1959 1170 2020 ideo
1185 1972 1292 2020 vocata
1312 1971 1357 2019 est
1378 1960 1512 2033 emerita,
1525 1959 1594 2041 quia
1608 1957 1676 2018 data

392 2068 438 2117 est
458 2052 602 2127 militibus
622 2057 684 2117 suis
705 2057 844 2117 emeritis.
865 2090 886 2104 -
912 2071 942 2118 et
971 2054 1071 2119 bilbile
1091 2057 1196 2119 civitas
1223 2055 1328 2118 habuit
1355 2054 1446 2118 aliurn
1475 2071 1605 2139 poetam,
1624 2074 1677 2117 seu

392 2173 542 2218 vetretutt
563 2175 710 2219 ttnxtrrutt.
729 2170 784 2218 -et
804 2158 899 2240 tangit
920 2155 1207 2231 aliun1,seucrututt
1229 2170 1360 2239 poetam,
1376 2156 1427 2239 qui
1448 2153 1504 2217 fuit
1524 2155 1561 2217 de
1582 2152 1677 2216 insula

393 2252 525 2337 gadium,
547 2253 614 2317 ideo
635 2270 725 2340 atque
746 2276 797 2318 ora
817 2276 875 2340 que
897 2255 1016 2318 calescit
1037 2257 1067 2318 in
1090 2256 1207 2318 vadosis
1229 2238 1364 2340 gidibus,
1382 2256 1412 2316 in
1433 2253 1528 2317 insula
1549 2253 1599 2317 illa
1619 2272 1677 2336 que

393 2367 439 2416 eet
458 2354 489 2415 in
510 2355 650 2417 extremis
671 2354 823 2440 hyspanie,
837 2374 896 2439 que
912 2371 1046 2418 contrata
1061 2376 1125 2417 sera
1141 2370 1170 2417 et
1193 2355 1298 2418 ultima
1312 2354 1392 2416 ridet
1406 2354 1562 2415 oriemtem
1584 2352 1677 2416 solem

393 2465 424 2515 et
444 2452 640 2516 occidentem.
660 2489 681 2502 -
702 2455 793 2516 Hine:
814 2457 910 2536 tangit
923 2455 1015 2517 aliurn
1037 2470 1157 2538 poetam
1172 2453 1324 2537 gallicum,
1338 2453 1375 2515 ad
1392 2455 1479 2515 istam
1494 2453 1677 2536 pros-inciam

393 2570 452 2635 que
472 2567 597 2616 vocatur
616 2555 774 2638 equitania,
796 2567 826 2616 et
846 2556 978 2637 pervenit
999 2554 1035 2616 ad
1059 2556 1145 2616 istam
1167 2569 1360 2637 partemque
1381 2569 1507 2615 vocatur
1528 2549 1677 2627 bordella3

393 2651 462 2715 in'de
496 2667 541 2715 est
574 2672 651 2715 unus
685 2669 771 2736 poeta
797 2655 846 2736 qui
882 2653 1047 2737 appellatur
1074 2675 1188 2726 uanus,
1216 2656 1267 2737 qui
1303 2652 1435 2737 loquitur
1468 2653 1678 2735 sagacissime3

394 2752 461 2814 ideo
482 2750 574 2815 dicits
596 2772 653 2836 ego
673 2772 773 2830 cerno,
797 2770 929 2836 repetens
945 2752 1160 2836 burdigallutn,
1182 2756 1211 2816 in
1233 2753 1319 2816 litore
1333 2773 1427 2815 curvo
1448 2772 1549 2814 senem
1571 2750 1679 2833 loqua-

394 2867 506 2917 cernet
526 2874 680 2937 magnum,
693 2873 782 2938 quem
797 2853 937 2916 dederant
952 2854 1062 2937 templa
1077 2852 1155 2916 illius
1174 2853 1221 2915 dei
1242 2854 1387 2915 dederunt
1408 2853 1536 2915 nominis
1558 2871 1677 2928 rusosij

394 2953 436 3015 ita
456 2953 538 3017 dicti.
559 2988 580 3002 -
602 2953 714 3016 Deinde
735 2953 790 3016 fuit
811 2975 887 3016 unns
910 2954 984 3016 alter
1005 2952 1145 3029 urbanus,
1163 2975 1215 3016 seu
1237 2973 1361 3017 srrtrtus
1383 2953 1413 3014 in
1434 2951 1586 3035 provincia
1608 2972 1680 3013 nar-

396 3049 537 3115 bonensi:
560 3054 646 3116 Unus
668 3053 796 3115 urbanus
824 3068 951 3136 occupat
979 3074 1027 3114 me
1055 3052 1224 3137 eloquentia
1246 3074 1309 3129 sua,
1332 3051 1382 3114 ubi
1409 3051 1519 3113 fluvius
1540 3049 1679 3133 fatigatus

395 3149 510 3214 levibus
530 3151 669 3229 fluxibus,
691 3174 743 3215 seu
765 3153 871 3215 Atthas
898 3152 1019 3215 humilis
1042 3152 1159 3216 fluvius.
1183 3167 1272 3214 notus
1300 3153 1356 3213 iste
1377 3153 1494 3227 statius,
1514 3150 1679 3213 celebratus

395 3251 473 3334 apud
494 3250 628 3314 larissam
648 3254 799 3316 civitatem
822 3252 933 3329 tesalie,
948 3269 1037 3314 notus
1051 3252 1130 3336 apud
1151 3251 1265 3327 thebas,
1280 3267 1309 3313 et
1324 3265 1435 3327 tamen,
1449 3250 1519 3313 licet
1541 3271 1597 3334 ego
1618 3252 1681 3312 des·

395 3351 553 3433 cripxerim
580 3372 685 3415 omnes
713 3355 785 3415 istos
810 3368 912 3436 poetas
940 3352 976 3415 dc
1004 3352 1127 3414 diversis
1155 3351 1297 3436 partibus,
1320 3366 1419 3413 tamen
1446 3351 1527 3413 docti
1554 3353 1582 3413 in
1604 3352 1681 3411 arvis

398 3452 536 3513 romanis.
565 3467 594 3514 et
615 3467 658 3528 tu,
680 3451 809 3536 gloriosa
837 3452 928 3515 narbo
955 3453 1076 3528 civitas,
1099 3452 1227 3515 referens
1255 3453 1387 3513 cannina
1414 3465 1536 3533 accepta
1565 3451 1680 3534 piscoso

397 3547 519 3626 benaco,
530 3570 583 3612 seu
598 3551 736 3635 Virgilio,
750 3572 839 3637 quem
859 3554 963 3614 statius
985 3552 1118 3613 imitatus
1133 3551 1219 3614 fuit...
1234 3586 1255 3599 -
1269 3548 1376 3612 ultimo
1399 3549 1491 3612 rediri
1512 3551 1679 3612 avinionem

398 3664 429 3712 et
449 3652 599 3713 revisitari
619 3650 717 3714 dulcia
738 3653 814 3713 ostia
835 3653 917 3736 parvi
938 3650 1057 3734 hospitij
1080 3654 1138 3714 mei
1167 3667 1196 3715 et
1218 3651 1304 3714 revisi
1333 3648 1528 3733 laurumque
1550 3665 1594 3712 est
1615 3670 1680 3712 men

396 3769 497 3833 regna,
518 3770 659 3834 percurso
678 3766 743 3814 toto
762 3749 834 3814 orbe
856 3766 1009 3814 terrarum.

477 3850 612 3936 Longus:
633 3853 664 3914 si
686 3851 792 3915 vellem
807 3852 904 3915 dicere
918 3854 1028 3928 omnin,
1044 3873 1101 3935 ego
1123 3872 1174 3914 ero
1189 3852 1308 3936 longus,
1329 3853 1406 3913 sicut
1427 3851 1482 3912 ista
1505 3847 1604 3912 laums
1618 3865 1680 3912 erat

396 3948 471 4012 bene
490 3950 593 4014 dotata
620 3950 720 4014 favore
748 3968 851 4014 nature
879 3967 1042 4027 monstro,
1065 3967 1098 4014 ut
1128 3951 1209 4014 nulla
1241 3967 1317 4013 terra
1345 3949 1433 4012 fuerit
1455 3970 1598 4033 umquam
1620 3965 1680 4012 tam

397 4064 482 4133 grata
501 4049 590 4114 alicui
611 4052 667 4115 deo
690 4051 887 4135 principaliter
914 4067 943 4114 et
965 4066 1026 4113 tam
1055 4050 1173 4115 laudata
1201 4067 1353 4133 tamquam
1375 4049 1475 4111 laurus
1497 4072 1513 4111 a
1535 4048 1680 4112 melden

396 4149 488 4214 dicit:
510 4172 605 4235 neque
633 4154 763 4237 luppiter
791 4151 929 4235 preferret
949 4151 1098 4213 dodonam
1120 4150 1236 4225 silvanr,
1259 4169 1311 4213 nec
1334 4150 1474 4226 Cretam;
1504 4152 1556 4212 nec
1579 4152 1681 4211 l'enus

397 4248 537 4333 preferret
558 4250 702 4336 ydaliam3
730 4271 784 4314 nec
812 4267 944 4313 amatum
972 4267 1105 4313 montem
1134 4250 1228 4334 dyona
1258 4247 1397 4333 preferret
1420 4250 1508 4310 istam
1535 4247 1681 4316 insulam:

399 4351 462 4414 Nec
483 4349 603 4434 appollo
624 4349 764 4434 preferret
784 4350 871 4413 delon
893 4368 922 4413 et
943 4352 1081 4413 cirrum.
1103 4348 1167 4434 [ille
1188 4349 1303 4412 solebat
1323 4348 1399 4411 ferre
1420 4349 1538 4412 veloces
1559 4350 1681 4430 sagittus

398 4462 428 4512 et
449 4469 534 4513 arcus
555 4463 585 4512 et
615 4450 766 4534 pharetras
788 4465 816 4512 et
839 4449 951 4512 solebat
973 4448 1048 4513 ferre
1077 4449 1147 4513 illuc
1168 4452 1269 4512 omnia
1299 4448 1346 4511 illa
1369 4447 1412 4533 et]
1443 4447 1556 4512 solebat
1587 4468 1683 4530 :rpen-

397 4547 467 4612 dere
486 4550 517 4612 in
538 4551 593 4612 ista
615 4549 727 4612 laura...
748 4552 855 4632 iupiter
875 4565 1031 4612 veneratur
1052 4551 1138 4611 istam
1161 4548 1278 4611 laurum
1300 4547 1337 4610 nb
1358 4548 1419 4610 alto
1441 4547 1527 4620 solio,
1542 4562 1571 4609 et
1593 4550 1681 4609 etiam

397 4649 488 4713 duces
510 4665 538 4713 et
558 4649 606 4732 alij
639 4650 774 4712 homines
795 4647 904 4712 faciunt
927 4651 951 4712 ei
974 4649 1130 4711 honorem.
1153 4650 1219 4711 idco
1241 4651 1331 4711 dicit:
1353 4670 1411 4731 ego
1433 4649 1490 4726 ridi
1519 4646 1680 4708 romuleun

397 4749 541 4826 sobolem,
562 4770 614 4812 seu
640 4752 760 4834 stirpem
791 4769 943 4812 romanam
971 4765 999 4812 et
1028 4751 1179 4811 iuventam
1208 4747 1381 4833 superbam,
1402 4748 1487 4821 dico,
1509 4748 1632 4829 imperio
1653 4763 1685 4808 et
