4125 5217
404 381 446 463 98
910 398 1059 449 amomo
1083 401 1189 447 arnna
1291 410 1297 420 ·

407 657 685 765 Sceptriferum
716 686 1003 768 summumque
1031 661 1167 743 lovem
1199 658 1372 768 facieque
1400 688 1546 758 serena,

416 786 508 869 lnde
537 785 821 869 tridentiferum
852 787 1217 894 moderatoremque
1249 784 1432 894 profundi

411 912 702 1021 Ceruleunrque
732 941 866 996 comas
895 914 1084 1009 medium,
1113 911 1348 1021 luscumque
1377 915 1596 1009 minorem;

411 1041 546 1123 Torva
575 1040 676 1123 latus
707 1061 834 1123 servat
862 1041 1047 1135 coniunx,
1078 1059 1233 1147 aterque
1263 1038 1415 1147 paludis

410 1169 553 1251 Navita
582 1188 746 1250 tartaree
776 1168 901 1275 piceas
932 1167 1027 1250 redit
1057 1168 1162 1275 itque
1192 1194 1259 1275 per
1287 1165 1423 1262 undas,

412 1295 757 1404 Tergeminusque
786 1294 891 1377 canis
921 1293 1056 1386 latrat;
1086 1314 1171 1376 turn
1201 1292 1297 1376 dura
1324 1296 1467 1398 severis

414 1426 539 1507 Pensa
566 1421 726 1505 trahunt
756 1420 949 1517 manibus,
982 1419 1054 1503 lixa
1083 1418 1156 1502 sub
1185 1418 1283 1527 lege,
1313 1448 1488 1513 sorores:

415 1549 649 1648 Quinetiam
679 1548 814 1655 stigias
844 1566 971 1630 eterna
1000 1566 1116 1628 nocte
1143 1545 1322 1628 tenebras

414 1676 762 1782 Anguicomasque
790 1673 907 1755 simul
940 1672 1057 1755 lurias
1087 1671 1359 1781 templumque
1388 1675 1615 1783 lorumque,
1658 1685 1661 1690 ’

418 1803 526 1885 Tum
555 1799 675 1884 silvas
704 1821 740 1883 et
770 1828 857 1882 rura
884 1819 1028 1882 canunt
1058 1819 1172 1907 atque
1201 1827 1308 1883 arma
1336 1800 1521 1909 virosque

417 1928 465 2011 Et
491 1947 622 2011 totum
652 1925 831 2009 altisonis
861 1926 1053 2009 illustrant
1082 1925 1258 2008 versibus
1286 1925 1435 2010 orbern.

194 2044 275 2126 Mo·
374 2042 494 2148 [Hic
524 2082 649 2136 unum
679 2056 781 2135 canit
810 2081 877 2135 ore
904 2052 1034 2148 deum,
1065 2080 1183 2161 quern
1211 2052 1323 2136 turba
1352 2052 1514 2136 deorum

415 2182 526 2263 Victa
554 2181 698 2275 tremit,
728 2178 855 2261 celum
885 2199 981 2261 nutu
1011 2180 1079 2288 qui
1109 2198 1298 2288 temperat
1326 2179 1488 2276 almum,

417 2304 558 2389 Ethera
587 2308 654 2413 qui
686 2304 798 2388 librat
827 2304 1034 2414 liquidum,
1064 2306 1132 2414 qui
1162 2308 1261 2388 roris
1291 2334 1461 2403 acervos,

418 2433 581 2541 Quique
610 2434 719 2514 nives
748 2433 893 2539 spargit
921 2432 1069 2539 gelidas
1098 2453 1136 2514 et
1164 2432 1267 2515 nube
1295 2434 1438 2517 salubri

417 2555 531 2639 Elicit
559 2577 718 2664 optatos
749 2558 875 2641 herbis
903 2558 1128 2642 sitientibus
1154 2559 1318 2651 imbres;

417 2683 501 2779 Qui
531 2703 641 2766 tonat
670 2706 707 2765 et
736 2674 1079 2793 trepidns'rapidis
1109 2687 1232 2793 quatit
1262 2714 1346 2768 aera
1375 2686 1560 2783 flammis,

416 2810 617 2918 Tempora
645 2811 848 2907 sideribus,
878 2814 944 2920 qui
974 2812 1038 2895 dat
1067 2841 1137 2894 sua
1165 2814 1315 2896 semina
1344 2816 1473 2909 terris;

417 2937 501 3033 Qui
531 2936 694 3044 pelagus
725 2936 873 3020 fluitare
903 2938 1020 3033 iubet,
1050 2939 1261 3021 consistere
1291 2962 1473 3033 montes:

418 3063 514 3178 Qui
531 3090 675 3177 corpus
706 3085 953 3172 mentemque
981 3064 1098 3159 dedit,
1128 3064 1271 3173 quibus
1300 3066 1573 3173 addidituartes

416 3189 656 3284 Innumeras,
687 3191 891 3296 geminum
920 3190 1126 3273 cumulans
1155 3192 1202 3273 ab
1231 3194 1383 3299 origine
1413 3222 1578 3286 munus:
1666 3238 1706 3266 ιω

416 3315 500 3411 Qui
529 3317 608 3396 vite
638 3317 853 3424 mortisque
882 3318 997 3413 vices,
1027 3345 1180 3426 queque
1209 3321 1359 3427 optima
1390 3319 1514 3403 sessos

415 3441 502 3522 Fert
530 3468 647 3549 snper
676 3464 785 3538 astra,
816 3443 918 3525 viam
949 3444 1083 3526 docuit
1112 3447 1324 3554 repetitque
1354 3447 1567 3530 monendo

417 3568 532 3649 Hunc
562 3596 673 3651 meus
704 3569 768 3652 ille
797 3573 918 3664 canit;
950 3601 1024 3654 neu
1056 3601 1216 3656 raucum
1246 3573 1399 3670 dixeris,
1429 3603 1522 3658 oro:

416 3695 502 3775 Vox
530 3693 657 3776 solida
686 3716 743 3778 est
774 3719 1053 3807 penetransque
1083 3700 1240 3783 animos
1268 3700 1428 3784 dulcore
1456 3702 1601 3786 latenti.

409 3818 500 3921 Jure
530 3820 661 3926 igitar,
693 3823 825 3929 patriis
855 3825 1026 3931 primum
1057 3825 1271 3909 celebratus
1300 3828 1339 3909 in
1370 3829 1483 3925 arvis,
1664 3871 1702 3910 ιο,

415 3944 557 4051 Artigit
586 3968 622 4028 et
652 3968 780 4031 vetros
809 3949 941 4047 saltus,
972 3951 1124 4060 lateque
1152 3980 1344 4036 sonorum

414 4071 574 4153 Nomen
606 4072 739 4156 habet:
771 4105 845 4184 que
874 4107 959 4161 rura
989 4078 1129 4175 Padus,
1160 4107 1235 4187 que
1265 4080 1408 4188 Tybris
1437 4101 1473 4164 et
1503 4083 1646 4178 Arnus

415 4198 508 4295 Que
539 4199 698 4283 Rhenus
729 4205 991 4314 Rodanusque
1019 4227 1162 4303 secant,
1192 4235 1345 4315 queque
1374 4207 1495 4292 abluit
1524 4236 1648 4317 equor

232 4432 239 4447 .
414 4326 565 4408 Omnia
595 4328 671 4409 iarn
704 4354 884 4416 resonant
912 4335 1077 4441 pastoris
1107 4336 1279 4416 earmina
1309 4337 1443 4418 nostri.

195 4430 273 4553 Μ,
369 4435 606 4563 (Experiar,
638 4459 668 4538 si
699 4458 774 4541 fata
804 4461 956 4555 volent;
988 4490 1092 4544 nunc
1121 4463 1175 4545 ire
1205 4491 1359 4548 necesse
1387 4485 1455 4548 cst.

482 4751 513 4804 V.
533 4750 583 4803 80:
603 4752 686 4831 iovem
707 4784 716 4794 ·
737 4756 768 4813 V,
792 4767 857 4819 1072
877 4759 1003 4826 padum...
1022 4758 1103 4827 tybris
1121 4788 1130 4799 ·
1149 4758 1181 4815 V.
1205 4760 1270 4811 108:
1290 4760 1385 4812 rhenus
1404 4759 1577 4827 rodanusque.
