4125 5217
821 425 854 476 ll.
876 422 1065 473 eucottcutt
1088 425 1220 474 Cthssill
1600 420 1664 493 22}

378 684 486 764 tatem)
507 700 541 747 tu
568 684 680 747 videbis
701 684 780 748 aliud
802 707 854 769 par
874 686 1068 750 cardinalium
1090 686 1214 770 dignum
1237 685 1365 749 laude...
1382 700 1412 750 et
1433 685 1500 748 vile
1515 684 1595 748 aliud
1617 704 1668 769 par

379 784 507 848 divisum
528 784 566 848 ab
586 784 661 862 aliis,
682 787 751 870 quia
772 785 847 849 alter
868 789 992 849 istorum
1016 788 1091 870 rapit
1112 786 1207 849 aliena
1230 787 1399 871 prudenter,
1422 786 1506 850 Alter
1527 807 1598 849 vero
1619 784 1669 848 el·

380 882 492 948 frenate
512 900 543 948 ct
562 887 716 969 inpetuose
738 900 768 947 et
788 901 887 969 aperte
908 907 979 961 ore;
1001 903 1031 950 et
1053 888 1108 949 iste
1136 888 1191 949 erit
1218 889 1259 949 ita
1286 886 1383 949 audax
1411 887 1492 971 quod
1520 888 1582 970 ipse
1602 907 1672 969 sepe

381 1000 517 1070 quereret
539 984 679 1070 repellere
699 1005 757 1060 nte,
779 1006 831 1048 seu
854 986 1001 1049 retrahere
1022 988 1135 1050 curiam
1153 1007 1307 1048 romanam
1330 987 1360 1048 in
1382 985 1472 1071 ytalia
1487 1002 1517 1049 et
1538 986 1673 1069 fatigabit

383 1098 413 1146 te
434 1104 550 1166 papam,
571 1085 671 1169 etqui
694 1099 723 1146 et
751 1084 908 1151 iracundus
940 1086 1032 1169 possit
1054 1083 1157 1169 iugare
1189 1107 1238 1149 me
1266 1085 1422 1148 ecclesiam
1450 1086 1487 1148 de
1515 1084 1572 1147 illis
1600 1083 1673 1148 loeis

385 1182 508 1267 gallicis,
528 1204 646 1268 semper
665 1184 815 1269 querendo
837 1201 867 1247 et
888 1184 1113 1262 murmurando,
1128 1185 1265 1248 frendens
1287 1201 1317 1248 et
1337 1185 1465 1248 similem
1487 1200 1585 1262 tonso,
1599 1186 1673 1249 idest

385 1304 524 1369 percusso
549 1304 629 1360 urso,
654 1305 706 1346 seu
735 1283 784 1346 ille
803 1284 840 1347 tle
867 1286 983 1347 ursinis,
1015 1301 1046 1348 et
1070 1284 1162 1348 herbe
1193 1286 1291 1370 pascui
1321 1287 1435 1349 romani
1457 1287 1601 1351 miserunt
1621 1285 1673 1359 tibi

385 1383 454 1447 illos
474 1384 558 1461 duos,
580 1385 630 1447 sed
650 1404 755 1446 omnes
782 1382 829 1467 alii
857 1400 927 1447 sunt
953 1385 989 1448 de
1016 1386 1125 1448 nostris
1157 1384 1289 1470 partibus
1316 1400 1346 1448 et
1366 1385 1448 1448 silvis
1469 1402 1499 1449 et
1520 1387 1557 1450 de
1579 1388 1675 1471 regnis

387 1486 506 1548 nostris.

471 1587 498 1649 O
510 1584 667 1670 pecaniam:
688 1586 794 1668 incipe,
815 1587 964 1669 coniunge
977 1586 1051 1648 istos
1066 1603 1095 1649 et
1109 1586 1249 1650 circunda
1264 1586 1336 1649 istos
1352 1584 1444 1648 rubeo
1457 1585 1593 1671 capello;
1608 1608 1677 1650 nant

386 1706 490 1749 omnes
511 1700 598 1748 erunt
620 1687 706 1748 unius
728 1685 887 1748 voluntatis
909 1701 939 1749 et
961 1686 1108 1749 ridebitur
1122 1708 1181 1749 una
1196 1685 1316 1749 familia.
1332 1721 1353 1733 -
1368 1686 1487 1749 Invisa:
1510 1688 1678 1771 Respondet

388 1790 454 1871 Epy
474 1800 503 1849 et
523 1785 614 1848 dicit:
637 1786 680 1846 tis
701 1800 733 1848 tu
765 1783 860 1849 iacere
881 1786 971 1848 istutn
998 1785 1142 1872 ytalicum
1163 1807 1254 1871 quem
1282 1784 1490 1848 florentissima
1514 1788 1595 1870 regio
1621 1807 1679 1871 pe·

389 1887 482 1970 perit,
504 1901 534 1948 ct
555 1886 598 1947 vis
621 1886 711 1947 istum
732 1906 821 1971 quem
844 1887 957 1948 miserit
977 1886 1187 1970 despecturum
1209 1901 1379 1948 nostrarum
1400 1885 1557 1949 civitatum
1577 1900 1607 1949 et
1629 1908 1680 1949 re·

389 1988 541 2071 gnorunt?
561 2002 591 2048 et
611 2005 667 2047 nos
689 1988 851 2070 premimur
870 1987 995 2069 imperio
1023 1986 1157 2070 pellicis;
1186 2008 1243 2070 ego
1273 1987 1366 2048 timeo
1395 2006 1433 2048 ne
1460 1984 1551 2071 ytalia
1572 1987 1680 2049 iterum

390 2087 526 2151 vendicet
546 2088 659 2150 curiam
681 2108 845 2150 romanam.
868 2086 944 2150 ultra
965 2088 1056 2150 intret
1076 2090 1132 2150 iste
1147 2086 1343 2151 moribundus
1358 2088 1388 2149 in
1403 2086 1480 2150 mala
1495 2108 1548 2150 ora
1569 2101 1599 2151 et
1620 2089 1681 2170 ipse

391 2208 451 2250 oon
471 2185 587 2271 expleat
608 2188 746 2271 ispatium
767 2189 846 2250 anni.
867 2223 888 2235 -
909 2188 1005 2266 lrnnag
1029 2188 1200 2271 Respondet
1221 2189 1327 2250 Mitio:
1343 2186 1413 2251 Noli
1429 2188 1515 2249 irasci
1530 2207 1681 2271 nunquam

390 2285 502 2364 alium3
523 2285 672 2350 imolare
693 2287 793 2365 michi,
814 2289 884 2371 quia
906 2308 959 2349 oos
976 2286 1117 2350 faciemus
1138 2308 1243 2349 omnes
1259 2285 1422 2349 cardinales
1436 2289 1548 2351 amicos
1567 2300 1682 2349 nostros

392 2403 432 2464 et,
451 2389 587 2472 quamtis
615 2403 715 2471 petrus
744 2388 842 2451 redeat
863 2402 893 2451 et
922 2404 1052 2471 reportet
1079 2390 1171 2451 iustas
1193 2387 1339 2473 querelas,
1362 2407 1415 2449 nos
1437 2386 1632 2463 abstulintus;
1654 2403 1683 2450 et

391 2487 469 2564 ideo,
482 2488 508 2549 si
529 2486 738 2571 indignabitur,
753 2487 860 2550 habeat
874 2486 927 2549 sibi
943 2488 1115 2572 dampnum.
1129 2523 1140 2534 ·
1155 2487 1273 2549 Multo:
1288 2487 1457 2571 Respondet
1472 2490 1538 2572 Epy
1552 2503 1582 2550 et
1595 2487 1682 2550 dicit:

392 2606 447 2650 nos
466 2586 601 2649 dedimus
623 2585 717 2649 multa
737 2588 830 2663 curis;
844 2588 904 2649 iam
919 2603 963 2649 est
985 2587 1057 2650 hora
1079 2589 1186 2672 quictis
1208 2608 1267 2671 que
1289 2602 1376 2650 vocat
1398 2608 1472 2664 nos,
1488 2586 1596 2672 glacies
1617 2586 1684 2671 hys·

393 2687 459 2771 pida
481 2702 510 2749 et
531 2707 633 2770 aspera
656 2702 770 2771 premat
791 2686 903 2763 colles3
925 2708 988 2763 nos,
1011 2689 1078 2749 neri
1101 2685 1231 2761 brachia,
1245 2689 1434 2771 quiescamus
1455 2689 1486 2750 in
1500 2687 1584 2750 molli
1605 2686 1684 2760 ulra,

392 2786 483 2849 herba
505 2786 554 2849 illa
576 2786 724 2871 paludina.

898 3086 1050 3183 [Ectoea
1072 3088 1176 3183 Vnt]

478 3399 542 3475 Qun
557 3396 640 3483 fragis
650 3400 664 3458 ?
676 3432 688 3445 -
700 3396 756 3460 hec
771 3412 815 3460 cst
835 3413 936 3461 autern
952 3397 1008 3460 alia
1024 3398 1144 3481 egloga,
1158 3399 1190 3461 in
1204 3419 1261 3483 qua
1281 3413 1369 3461 autor
1382 3399 1509 3462 intendit
1522 3398 1688 3463 describere

398 3515 545 3559 recessum
566 3517 653 3558 suum
675 3495 712 3558 de
740 3496 828 3581 gallia
860 3512 890 3560 et
917 3517 1070 3560 accessum
1100 3500 1129 3560 in
1150 3497 1274 3582 ytaliam
1296 3512 1327 3560 et
1347 3495 1412 3583 [ad]
1434 3498 1492 3561 hoc
1521 3497 1686 3561 laciendum

397 3593 556 3659 introducit
584 3595 659 3658 duos
687 3613 829 3679 pastores,
856 3617 984 3682 quorum
1007 3619 1101 3659 unum
1130 3613 1218 3661 vocat
1240 3597 1440 3680 ganimedem,
1463 3597 1589 3661 alterum
1618 3621 1687 3661 tero

396 3692 581 3757 amicladem.
603 3715 655 3777 per
676 3697 862 3778 ganimedem
885 3696 1060 3781 intelligitur
1082 3717 1158 3758 unus
1178 3696 1337 3759 cardinalis
1364 3696 1401 3757 de
1428 3697 1547 3759 colonia
1569 3700 1688 3760 oontioe

397 3792 553 3869 lohannes,
574 3794 629 3857 sub
650 3817 711 3880 quo
731 3794 787 3860 luit
809 3814 960 3875 moratus3
989 3813 1018 3859 et
1046 3797 1174 3881 appellat
1203 3799 1301 3880 ipsum
1329 3798 1515 3860 canintedent
1537 3800 1605 3881 quia
1626 3800 1689 3880 ipse

397 3893 452 3957 luit
472 3910 627 3978 promotus
647 3897 684 3958 ad
714 3896 938 3973 cardinalatum,
960 3897 1093 3959 sublatus
1114 3898 1151 3959 de
1173 3913 1310 3981 preneste
1330 3917 1390 3981 que
1411 3912 1474 3960 erat
1496 3913 1572 3960 terra
1593 3900 1688 3981 posita

397 3994 428 4056 itt
449 3994 548 4056 medio
568 3994 708 4057 silvarum
731 3995 824 4079 (sicut
845 3997 1015 4080 ganimedes
1030 3995 1086 4059 luit
1102 4012 1201 4080 reptus
1216 3999 1246 4058 in
1261 3996 1343 4059 siluis
1364 3998 1479 4079 aione)
1495 4012 1525 4060 et
1546 3997 1602 4060 hoc
1624 4019 1689 4081 pro

397 4106 464 4176 pter
482 4108 596 4156 metum
619 4093 728 4177 bararj,
749 4098 818 4179 quia
846 4098 908 4179 ipse
935 4094 1024 4158 frater
1045 4096 1212 4159 cardinalis.
1234 4117 1288 4180 per
1314 4095 1491 4159 anticladent
1514 4096 1690 4180 intelligitur

399 4193 461 4275 ipsc
480 4192 645 4276 petrarcha,
666 4197 806 4279 qnoniam
829 4197 889 4277 ipse
910 4193 1030 4256 amiclas
1053 4194 1107 4257 fuit
1130 4216 1241 4278 pauper
1262 4209 1292 4257 et
1312 4216 1445 4270 securus,
1459 4185 1548 4279 quern
1571 4187 1688 4257 toca‘sit

398 4311 481 4355 cetat
499 4292 537 4354 ad
558 4292 688 4355 eundum
709 4314 825 4370 secntn;
840 4311 869 4357 et
884 4296 926 4356 sic
948 4310 1010 4356 crat
1028 4294 1193 4377 petrarcha.
1209 4297 1305 4377 primo
1327 4294 1459 4378 loquitur
1479 4295 1688 4357 Gantiocdes...

398 4390 434 4453 ad
454 4411 544 4475 quem
565 4391 665 4455 locum
686 4393 776 4455 abicis
799 4410 897 4455 retera
920 4393 996 4454 bona
1019 4410 1048 4456 et
1071 4394 1207 4456 benelitia
1236 4392 1303 4455 data
1325 4415 1342 4455 a
1364 4413 1413 4455 nte
1441 4394 1514 4455 tibi?
1535 4429 1554 4440 -
1577 4394 1690 4455 ‘Parem

400 4510 486 4575 ...ego
507 4512 568 4554 nort
589 4492 765 4555 manducari
796 4514 901 4576 panem
930 4492 1036 4556 frustra
1057 4496 1126 4578 quia
1159 4514 1217 4576 ego
1238 4493 1361 4555 educari
1390 4491 1532 4555 latttiliatn
1556 4509 1636 4555 tuam
1658 4495 1689 4554 in

397 4591 545 4668 avinione,
567 4593 644 4655 sicut
665 4606 697 4655 tu
719 4591 823 4655 dicis...
844 4593 894 4655 sed
917 4614 994 4655 nunc
1024 4609 1055 4655 tu
1085 4615 1116 4655 es
1138 4593 1232 4656 iactus
1253 4614 1343 4655 senes
1366 4608 1396 4655 et
1417 4591 1557 4677 querulus
1579 4609 1608 4655 et
1630 4615 1690 4656 nrm

398 4710 518 4774 possum
540 4709 603 4752 esse
624 4704 735 4769 tecum,
756 4692 796 4754 ita
818 4711 848 4754 cs
869 4714 954 4776 asper
975 4709 1004 4755 et
1025 4695 1119 4777 prima
1141 4694 1282 4777 patientia
1306 4692 1424 4777 reliquit
1446 4713 1504 4769 nte,
1525 4713 1613 4777 quam
1636 4715 1690 4754 so-

398 4788 495 4855 lebam
516 4789 634 4854 habere.
