4125 5217
188 1224 286 1256 thio

845 398 876 447 ll.
898 399 1090 450 tucoucvu
1111 400 1243 450 catuna

913 876 1067 972 [Ennoea
1091 877 1164 972 xl]

484 1204 556 1279 Dur,
576 1222 676 1264 soror:
698 1201 753 1264 hec
775 1217 820 1265 est
835 1202 989 1265 undecima
1005 1203 1112 1288 egloga
1134 1225 1192 1289 que
1208 1204 1408 1268 «Calathea»
1430 1205 1540 1269 dicitur
1558 1220 1588 1268 et
1603 1208 1695 1269 conti·

400 1319 507 1367 nuatur
527 1302 563 1364 ad
585 1301 1004 1386 precedente1113etdicitura
1021 1304 1163 1387 Colntlryn
1178 1325 1268 1388 greco
1283 1324 1421 1367 sermone
1441 1305 1522 1388 quod
1542 1304 1588 1368 lae
1609 1321 1695 1368 sonat

400 1417 430 1465 et
450 1402 523 1465 ilites
544 1403 615 1465 deus
645 1402 712 1464 inde
740 1400 886 1486 galathea,
915 1403 990 1465 itlest
1015 1403 1138 1465 eandida
1166 1404 1238 1480 dea;
1260 1425 1312 1487 per
1336 1425 1427 1488 quant
1449 1404 1625 1487 intelligitur
1645 1404 1695 1467 illa

401 1523 468 1567 cara
488 1503 608 1565 domina
628 1503 664 1564 de
685 1523 742 1587 qua
764 1503 794 1564 in
815 1501 922 1585 egloga
951 1503 1118 1586 precedenti
1148 1506 1331 1566 mentionem
1358 1503 1435 1567 lecit.
1463 1505 1695 1568 Introducuntur

388 1618 581 1667 autemtres
603 1601 800 1665 collocutores
829 1623 881 1665 seu
900 1601 1022 1687 Nyobe,
1044 1605 1137 1665 Fusea
1160 1619 1190 1666 et
1212 1603 1336 1687 fulgida
1358 1624 1398 1666 eu
1415 1606 1480 1688 ipse
1495 1605 1695 1689 quodbemm

403 1718 447 1766 est
466 1702 575 1765 animal
596 1701 750 1778 irascibile,
764 1702 994 1786 concupiscibile
1015 1719 1045 1766 et
1061 1703 1211 1766 rationale.
1234 1705 1326 1787 Cupit
1341 1705 1420 1766 enirn
1435 1706 1497 1788 ipse
1512 1720 1599 1788 poeta
1614 1703 1695 1766 illam

403 1806 501 1867 vivere
523 1820 552 1866 et
573 1804 680 1866 sidere.
702 1805 840 1865 irascitur
860 1822 925 1865 eam
947 1818 1097 1866 mortuam
1125 1819 1155 1866 et
1175 1806 1320 1889 queritur.
1340 1805 1468 1885 castigat
1491 1805 1565 1867 ratio
1586 1805 1698 1887 appeti·

404 1918 468 1967 tum
489 1918 519 1967 et
540 1903 732 1966 Iracundiam.
762 1906 794 1965 ln
814 1919 934 1986 pectore
956 1905 1050 1987 prime
1070 1903 1128 1966 due
1153 1919 1242 1981 sunt;
1265 1924 1334 1966 nam
1357 1925 1393 1966 ea
1418 1903 1487 1967 ielle
1509 1903 1696 1967 lrascibilitas

404 2019 434 2066 et
454 2024 491 2067 ex
511 2019 595 2088 epate
622 2004 860 2086 concupiscentia
888 2003 978 2066 tralrit
1005 2006 1162 2088 originem.
1191 2005 1278 2068 Ratio
1300 2005 1331 2066 in
1358 2024 1428 2067 arce
1449 2005 1553 2088 capitis
1581 2024 1698 2087 supere·

404 2106 506 2168 minet.
528 2105 636 2167 dicitur
656 2102 762 2189 Nyobe
782 2102 819 2165 ab
840 2103 889 2166 illa
905 2102 1012 2167 inleliei
1029 2102 1135 2189 Nyobe
1150 2124 1243 2166 uxore
1265 2103 1453 2187 Amphionis,
1468 2105 1505 2167 de
1519 2125 1577 2189 qua
1596 2105 1699 2167 scribit

404 2204 519 2268 ovidius
541 2203 595 2285 l⁰xj
611 2202 700 2266 Mella.
716 2205 849 2279 fuscae
868 2204 989 2265 materia
1004 2204 1081 2265 eirea
1103 2224 1194 2287 quant
1209 2219 1345 2266 versatur
1357 2224 1437 2287 sepe.
1458 2204 1699 2287 concupiscentia

404 2304 441 2368 de
461 2302 595 2389 turpibus
616 2318 670 2367 est.
692 2302 824 2386 fulgida,
846 2304 914 2388 quia
938 2302 978 2366 nil
1001 2304 1115 2365 ratione
1136 2302 1253 2367 clarius.

484 2405 633 2489 capistris:
661 2405 729 2488 quia
750 2400 853 2465 iratres
874 2404 1004 2465 minores
1031 2403 1137 2467 cordas
1164 2401 1263 2466 lerunt
1283 2405 1407 2480 cinctas,
1429 2405 1608 2488 inquorum
1630 2401 1698 2466 loco

405 2500 460 2568 fuit
480 2505 619 2567 Lturetta
640 2502 764 2586 sepulta.
785 2537 805 2549 -
824 2501 935 2586 gil-uos:
958 2502 1064 2565 Gilvus
1078 2501 1161 2566 color
1183 2520 1227 2566 est
1249 2503 1365 2565 medius
1385 2504 1462 2566 inter
1482 2502 1584 2565 album
1605 2517 1635 2565 et
1658 2502 1701 2563 ni·

406 2622 504 2686 grum.
526 2604 631 2665 Vestes
653 2603 732 2663 eninr
753 2599 875 2664 lratruru
897 2602 1048 2688 minorum
1066 2602 1199 2664 medium
1219 2600 1353 2665 colorent
1375 2617 1479 2665 tenent
1499 2603 1577 2665 inter
1597 2601 1699 2665 album

407 2718 437 2766 et
458 2703 577 2787 nigrum
599 2701 614 2785 (
635 2703 660 2786 ).

919 3018 1073 3114 [εοιοω
1096 3019 1184 3115 xna

488 3371 545 3431 Ista
560 3382 605 3431 est
618 3367 845 3431 «conflictatio»
862 3369 1023 3444 nominata,
1035 3370 1119 3431 euius
1135 3368 1257 3430 materia
1269 3382 1313 3429 est
1329 3366 1445 3430 Bellum
1458 3366 1615 3431 Iohannisi
1632 3407 1643 3415 --
1659 3368 1701 3428 3511

408 3469 497 3552 Regis
518 3470 709 3545 Francorum,
728 3463 982 3551 quodiuit'anno
1004 3470 1090 3530 etatis
1109 3468 1214 3531 ultime
1235 3488 1384 3531 itcccxtvr
1409 3483 1438 3530 et
1460 3467 1591 3530 Adoartli
1613 3471 1636 3529 R
1669 3489 1699 3527 ³³

408 3567 537 3652 Anglici.
559 3553 699 3644 Qui'sub
726 3570 789 3630 istis
817 3568 1046 3631 introducuntur
1067 3568 1248 3644 nominibus,
1270 3588 1323 3630 seu
1346 3570 1407 3630 Pan
1429 3582 1458 3630 et
1480 3568 1619 3643 Articus3
1643 3595 1652 3627 r
1675 3588 1696 3622 .’

408 3687 531 3751 grecum
552 3667 729 3731 vocabulum
751 3683 795 3730 est
823 3684 852 3730 et
881 3671 1060 3751 equivocum
1088 3668 1124 3729 ad
1153 3669 1257 3730 multa.
1286 3668 1335 3730 hie
1363 3682 1465 3730 autem
1491 3669 1552 3729 Pan
1574 3682 1619 3729 est
1640 3668 1676 3749 ip.

408 3769 471 3832 Rex
493 3770 683 3843 Francorum,
704 3770 796 3830 aPan
817 3768 897 3851 quod
919 3783 964 3830 est
977 3782 1086 3843 totum,
1108 3767 1186 3829 sela
1209 3770 1269 3830 Pan
1291 3767 1348 3829 deo
1367 3781 1529 3850 pastorum.
1545 3769 1624 3829 Nam
1640 3768 1702 3847 ipse

408 3868 512 3929 Pastor
532 3887 621 3950 super
639 3883 780 3950 pastores,
802 3866 877 3929 idest
897 3870 959 3931 Rex
980 3888 1069 3949 super
1096 3867 1207 3928 multos
1237 3870 1334 3950 Reges
1362 3880 1433 3928 erat.
1460 3867 1579 3928 ¹lrticus
1602 3865 1703 3948 Angli·

407 3985 511 4029 corum
532 3968 595 4031 Rex
610 3981 682 4043 erat,
696 3966 733 4029 ab
754 3970 864 4029 Arturo
885 3967 968 4029 stella
990 3966 1213 4050 septentrionali
1238 3966 1293 4054 sub
1314 3987 1372 4050 qua
1395 3964 1503 4049 Anglia
1526 3981 1580 4042 est,
1597 3965 1642 4027 tel
1665 3964 1702 4026 ab

478 4392 518 4467 (ι)
536 4393 591 4466 [Cr]
609 4395 808 4448 introducuntur
827 4406 879 4448 tres
898 4414 1015 4464 persone.
1037 4399 1069 4449 Et
1087 4398 1148 4465 quia
1168 4416 1208 4450 res
1228 4409 1267 4450 est
1286 4399 1413 4466 lugubris,
1425 4398 1491 4471 'itleo
1505 4398 1701 4450 introducuntur

408 4485 556 4547 muliebres,
574 4496 694 4554 tanquam
713 4503 795 4553 genus
814 4504 924 4554 pronum
943 4489 976 4539 ael
996 4489 1159 4555 plorandum.

480 4572 535 4645 [Cr]
552 4577 617 4626 colla
635 4576 721 4626 bonite:
741 4577 868 4627 bonorum
887 4577 993 4628 fratrum
1014 4578 1156 4630 minorum:
1171 4598 1229 4630 narn
1251 4590 1320 4631 stant
1340 4582 1388 4629 sub
1409 4579 1495 4646 regula
1509 4592 1534 4631 et
1546 4577 1703 4635 obedientia,

408 4665 473 4717 sieut
492 4666 571 4718 boves
590 4667 640 4717 sub
656 4676 750 4718 aratro.
769 4695 778 4706 ·
796 4685 903 4718 cararum:
923 4670 1017 4721 debent
1037 4670 1106 4722 enim
1127 4672 1217 4722 iratres
1241 4689 1299 4723 esse
1324 4672 1389 4724 sicut
1413 4689 1489 4724 cenes
1507 4673 1540 4722 ad
1559 4669 1702 4720 custodiam

406 4757 560 4820 animarum,
579 4767 607 4809 ut
625 4774 701 4809 erues
720 4759 856 4826 pecudum.
877 4788 886 4798 -
906 4762 950 4809 ille
969 4764 1050 4812 iricio:
1070 4762 1115 4813 nbi
1133 4772 1194 4817 sunt
1212 4764 1314 4815 iratres.
