4125 5217
189 2007 206 2037 v.
223 2008 276 2049 ¹¹³·
286 2005 324 2046 ray

188 3234 209 3259 v.
224 3218 250 3259 tv
259 3240 267 3251 ·
276 3231 313 3260 vta

904 407 1052 457 Antonio
1078 409 1111 454 ‚tt
1121 409 1183 454 [Nl

479 678 595 738 nivens:
618 694 706 758 puras
729 673 867 754 virgines.
888 706 908 718 -
929 671 1078 753 viscoque:
1101 669 1196 731 tenaci
1225 667 1402 751 eloquentia.
1425 702 1444 715 ·
1465 665 1627 729 columbus:
1649 668 1690 729 iu·

397 797 496 839 venes.
519 810 538 823 ·
558 775 734 858 clautrasque:
756 771 893 834 homines
914 773 993 833 acuti
1016 771 1125 853 ingenii
1150 785 1179 832 ct
1201 768 1321 833 velocis.
1343 803 1363 815 -
1383 777 1501 852 enprcc:
1522 767 1598 829 idest
1619 783 1691 829 teut-

398 897 469 962 pnrc
490 896 559 938 cum
581 874 626 936 sol
650 876 678 934 in
700 874 911 956 capricornu·
933 869 1048 932 lerninis
1071 869 1177 930 lamiis:
1199 884 1333 952 tempure
1353 869 1458 943 estivo,
1479 866 1523 929 sul
1545 868 1575 928 in
1597 866 1690 929 leone.

399 1012 418 1026 ·
439 978 518 1038 lntsri
529 1001 539 1036 :
560 977 590 1037 in
613 994 681 1035 vere
702 973 747 1035 sol
769 975 799 1035 in
822 974 931 1035 Tauro.
954 1005 974 1017 -
993 971 1147 1054 Virginis.-
1168 971 1198 1032 iu
1214 973 1378 1042 durumne,
1399 968 1444 1030 sol
1465 970 1494 1030 in
1518 969 1650 1051 Virgine.
1672 1004 1692 1016 -

399 1083 509 1137 viritim:
532 1075 748 1135 susurrntioitcs
771 1087 799 1134 ct
823 1069 992 1154 mnlilnquin
1008 1105 1018 1116 ·
1030 1068 1144 1153 purllr:
1166 1067 1273 1158 lnurce.
1291 1103 1300 1116 ·
1316 1069 1370 1130 llic
1393 1068 1493 1152 uulgo:
1514 1067 1692 1130 Gnnimcdcs

401 1172 568 1257 respondet,
590 1174 707 1235 dicens:
731 1175 779 1235 Tu
808 1193 871 1234 eras
893 1171 1065 1233 notissimus
1093 1169 1141 1232 hic
1169 1168 1309 1231 omnibus
1330 1184 1369 1244 ct,
1390 1183 1547 1251 antequam
1568 1169 1632 1249 aliis
1654 1170 1692 1231 ita

381 1275 438 1340 eis
457 1290 545 1336 nutus
564 1273 756 1348 discedendo,
778 1272 907 1335 multum
929 1271 1070 1352 temporis
1086 1268 1275 1352 pertransibit
1295 1284 1324 1332 et
1345 1269 1430 1331 voles
1447 1267 1549 1330 redire.
1563 1267 1693 1351 arceiis:

400 1372 607 1436 cardinalibus.
630 1407 649 1419 -
670 1372 775 1437 silc-is:
796 1368 965 1433 civitatibus
988 1368 1071 1432 Italic
1092 1368 1107 1451 (
1128 1367 1153 1453 )

479 1472 593 1557 patrii:
621 1472 781 1547 llorcutini,
802 1473 871 1555 quin
893 1471 922 1531 in
944 1470 1036 1552 patria
1065 1472 1142 1530 mori
1167 1468 1298 1531 intendo.
1320 1503 1340 1516 -
1361 1475 1500 1529 vitonum:
1521 1468 1694 1545 cacumina3

401 1574 525 1657 quinci
548 1587 666 1655 temnus
688 1587 844 1638 moventur
865 1569 1008 1643 acerbius,
1023 1570 1106 1653 ,elpes
1129 1572 1252 1632 transire
1273 1590 1332 1631 non
1352 1585 1477 1653 poter03
1497 1571 1557 1631 inm
1579 1569 1695 1631 nitten-

402 1674 522 1736 cumina
542 1674 694 1754 ocupavit.
715 1707 735 1719 -
755 1670 877 1733 ‘unum
896 1671 1004 1755 peruris
1016 1697 1026 1731 :
1049 1670 1207 1734 allectione
1221 1690 1357 1732 nieorum
1379 1692 1396 1731 a
1417 1671 1508 1753 patria
1525 1671 1695 1732 vocantium

404 1788 438 1860 ut
458 1771 586 1833 redeam.
600 1807 620 1819 -
635 1792 798 1855 nusquam:
821 1771 849 1832 in
864 1768 963 1853 aliquo
978 1769 1056 1832 luen.
1077 1805 1087 1817 ·
1109 1771 1183 1832 lnnli
1192 1797 1203 1832 .·
1225 1771 1315 1854 precii
1329 1772 1431 1855 quanti
1452 1784 1521 1832 sunt
1542 1770 1571 1832 in
1593 1770 1696 1854 patria,

403 1872 472 1953 quia
493 1873 522 1933 in
544 1892 578 1934 ea
600 1870 779 1934 excellentes
801 1868 984 1933 extolluntur
1005 1868 1067 1953 (2).

484 1969 647 2056 Inuigermn
667 1991 802 2056 gregem:
829 1971 935 2033 divites
964 1985 994 2033 ct
1021 1985 1158 2054 potentes
1183 1970 1321 2033 dominos
1348 1968 1472 2032 italicos.
1494 2006 1514 2018 -
1534 1978 1618 2055 apes:
1640 1969 1697 2033 ein

403 2085 529 2153 quentes
549 2086 669 2134 autores
697 2088 728 2133 et
755 2087 867 2155 poetes.
887 2105 908 2118 -
928 2072 1007 2137 utin:
1033 2072 1102 2155 quin
1131 2091 1190 2132 non
1218 2068 1410 2133 delectaberis
1437 2072 1467 2133 in
1494 2073 1562 2133 ocio
1590 2070 1698 2135 littera·

407 2191 473 2235 rum
494 2169 556 2254 (tl

477 2567 516 2631 (1)
534 2565 674 2615 columber:
694 2582 772 2632 puros
792 2564 918 2617 homines.
938 2593 947 2605 ·
967 2565 1080 2633 laqmis:
1100 2563 1256 2632 eloquentia.
1273 2594 1283 2606 ·
1300 2568 1429 2633 circoque:
1450 2565 1586 2618 dulcedine
1608 2568 1696 2619 verbo·

406 2673 471 2706 rum.
490 2684 499 2694 ·
517 2664 619 2721 capric:
638 2655 789 2723 capricorni.
809 2657 842 2706 rle
861 2673 949 2707 mense
967 2656 1064 2713 Martii.
1083 2673 1142 2708 cum
1162 2657 1200 2707 sol
1220 2667 1259 2708 est
1278 2657 1414 2725 subsigno
1426 2657 1577 2725 enpricomi,
1590 2658 1696 2710 deiecta·

406 2746 465 2795 bilis
484 2757 522 2796 est
542 2747 642 2797 mansio
661 2749 692 2795 nd
714 2747 808 2803 coicum
827 2748 859 2797 ‹ie
880 2763 967 2819 menae
986 2747 1056 2812 Julij.
1075 2764 1133 2797 cum
1155 2747 1192 2797 soi
1212 2759 1251 2798 est
1271 2747 1297 2798 in
1317 2748 1400 2809 leone,
1420 2750 1515 2799 bonum
1528 2759 1567 2799 est
1580 2759 1647 2800 stare
1666 2752 1697 2799 ari

406 2837 522 2895 umbram
541 2837 573 2886 rie
595 2853 681 2886 mense
703 2836 809 2902 Aprilis.
828 2854 885 2887 eum
907 2836 945 2887 sol
964 2846 1003 2887 est
1023 2836 1050 2886 in
1069 2846 1152 2898 tauro,
1171 2838 1321 2889 delectabile
1340 2848 1380 2889 est
1400 2839 1474 2890 liores
1487 2839 1622 2906 colligere3
1641 2857 1698 2891 cum

406 2942 467 2977 vero
486 2925 524 2976 sol
542 2935 582 2977 est
601 2926 627 2975 in
648 2926 723 2994 signo
743 2926 858 2994 Virginis
878 2929 945 2979 b'one
964 2938 1024 2979 sunt
1044 2944 1093 2978 uve
1111 2939 1136 2978 et
1156 2945 1241 2995 poma.
1261 2958 1271 2969 ·
1289 2931 1371 2980 silva:
1389 2930 1459 2981 curia
1477 2930 1596 2981 vitiorum
1615 2931 1699 2999 plena.

407 3043 416 3054 ·
430 3024 530 3081 pastor:
550 3033 615 3083 papa
634 3016 757 3077 clemens,
775 3016 835 3084 quia
848 3026 908 3068 tunc
921 3016 1040 3069 venenati
1060 3017 1163 3069 iuerunt
1181 3019 1239 3085 ναι]
1259 3020 1321 3071 boni
1339 3019 1430 3089 prelati
1449 3021 1525 3088 apud.
1544 3020 1699 3073 avinionem.

407 3133 416 3146 ·
436 3106 547 3157 Pulvis:
566 3107 684 3157 simonia.
706 3136 715 3146 -
731 3108 887 3174 grandinis:
905 3106 1042 3158 discordie.
1063 3137 1073 3147 ·
1089 3110 1186 3174 perid:
1207 3109 1340 3170 Galathee,
1358 3110 1425 3162 idest
1444 3111 1548 3178 poesis.¹

479 3198 519 3261 (a)
538 3198 608 3246 ruris
626 3199 707 3247 avim
727 3198 794 3249 idest
813 3198 928 3249 florentie
947 3198 1028 3266 pntric
1049 3216 1113 3251 mee.
1134 3229 1143 3239 -
1158 3202 1256 3266 metrii:
1274 3200 1348 3268 quasi
1371 3201 1447 3263 dicat,
1467 3211 1494 3252 ut
1513 3202 1640 3254 revideam
1660 3221 1699 3255 se·

406 3284 522 3353 pulcrum
541 3286 621 3353 patris
642 3288 700 3338 mei.
722 3317 730 3327 ·
750 3296 869 3339 neorii-m:
888 3290 970 3356 capud
991 3307 1085 3340 meum.
1104 3319 1113 3329 ·
1132 3293 1194 3342 nix:
1213 3292 1287 3342 albus
1309 3292 1424 3359 capillus.
1446 3322 1454 3332 ·
1476 3295 1586 3345 lindam:
1604 3294 1698 3347 amieo·

323 3427 328 3435 ,
405 3390 463 3423 rum
482 3391 607 3426 meorum.
628 3405 637 3415 ·
660 3379 770 3427 Gillias:
789 3378 901 3429 ostendit
920 3380 988 3446 quod
1009 3378 1064 3446 ipsc
1085 3381 1236 3432 sollicitetur
1257 3398 1274 3431 a
1299 3381 1386 3443 Gillia,
1411 3382 1534 3433 idest'ab
1559 3386 1648 3435 Azone
1667 3385 1699 3435 de

187 3770 208 3796 v.
226 3768 327 3806 aij-ray

405 3463 529 3530 corregio.
549 3474 575 3515 et
593 3465 686 3516 dicitur
711 3468 802 3518 Gillias
822 3487 836 3519 n
855 3470 967 3536 quodam
985 3471 1017 3521 rie
1037 3471 1115 3521 domo
1140 3471 1201 3522 dicti
1225 3472 1322 3523 domini
1349 3472 1446 3523 aizonis
1471 3472 1507 3523 sic
1527 3483 1625 3535 vocato,
1645 3473 1700 3525 viro

406 3552 512 3619 optimo.
533 3581 542 3593 ·
562 3556 685 3605 imi-nat:
706 3556 771 3608 idcst
790 3574 855 3625 opus
875 3559 964 3625 fistice
981 3561 1014 3611 dc
1033 3560 1108 3611 bellis
1127 3560 1254 3628 Scipionis
1266 3574 1354 3613 contra
1368 3562 1531 3624 Annibalem,
1544 3566 1613 3631 quod
1626 3575 1700 3616 autor

406 3653 507 3710 ceperat
525 3655 551 3695 et
570 3646 685 3696 nondum
706 3648 853 3713 perfecerat.

478 3737 517 3799 (3)
537 3752 602 3785 reove
620 3738 704 3788 silrvt:
726 3736 807 3790 ltalia.
827 3768 836 3778 ·
855 3757 974 3793 acervus:
993 3742 1090 3794 divitiis
1110 3743 1174 3794 meis
1193 3743 1249 3795 sine
1268 3755 1301 3796 te.
1321 3774 1330 3785 ·
1350 3746 1509 3811 lanmmem:
1534 3744 1638 3797 iuvem-s
1658 3746 1695 3795 di·

405 3823 469 3876 vites
490 3824 596 3878 italicos.
614 3855 624 3865 ·
642 3829 696 3878 loca
707 3829 804 3894 storea:
824 3829 851 3881 in
870 3831 953 3883 ltalia.
