4125 5217
386 362 451 453 238
688 430 690 434 7
889 371 1041 423 mollio
1063 371 1172 420 dvm

387 501 1670 532 ...---——-·--··--·-—--——---·

305 618 308 622 ⁸
388 668 440 712 seu
462 664 564 711 ιυιιυιι
591 662 736 719 casaturi,
757 659 852 704 rtruu
880 658 918 703 rr
947 656 1159 711 reseasraauu,
1188 656 1225 701 er
1253 656 1414 708 aoaraxuar,
1442 652 1472 702 et
1492 637 1559 701 ideo
1578 637 1669 702 dicit:

388 750 443 814 iuit
463 747 600 833 pulcrum
623 745 712 808 michi
740 742 884 827 respicere
904 755 962 803 tres
983 739 1121 802 dominos
1143 759 1308 815 nemorum,
1328 759 1379 802 seu
1401 741 1581 823 inperatore
1602 757 1670 813 tres,

389 848 675 930 intenrtospoeticis
696 859 726 908 et
747 842 862 929 populis
886 841 1020 926 regendis
1042 856 1072 903 et
1093 842 1122 903 in
1144 842 1248 904 endem
1269 839 1345 905 colle
1365 840 1534 925 capitolino.
1556 877 1577 891 -
1595 845 1671 920 Quo

388 967 475 1011 ram:
501 947 690 1031 prosequitur
715 944 909 1008 describendo
938 944 1067 1028 primunr
1089 943 1238 1016 cesarem,
1258 942 1308 1025 qui
1337 939 1473 1004 cantabat
1502 961 1589 1004 suurn
1615 943 1673 1005 iter

389 1061 476 1112 acuta
497 1066 581 1121 voce,
601 1046 653 1130 qui
674 1044 804 1108 dictabat
825 1043 1007 1108 cancellariis
1022 1043 1083 1104 suis
1098 1057 1178 1103 stans
1198 1061 1267 1104 curn
1288 1039 1370 1123 galea
1385 1041 1416 1103 in
1436 1041 1532 1124 capite
1552 1055 1582 1104 et
1603 1039 1672 1104 lecit

390 1146 501 1211 multos
522 1145 612 1209 libros
627 1160 658 1207 et
672 1144 739 1207 iecit
754 1158 857 1207 contra
872 1161 1010 1207 catonem
1032 1158 1062 1205 et
1077 1143 1174 1217 uocati
1195 1156 1265 1203 sunt
1282 1156 1384 1204 contra
1399 1156 1537 1217 catones3
1558 1156 1589 1203 et
1608 1139 1671 1203 dee

325 1288 328 1294 ,
389 1248 570 1331 eripritsua
591 1260 685 1329 gesta,
706 1245 790 1307 cuius
812 1242 897 1311 liber,
912 1257 1038 1311 vocatur
1059 1241 1156 1305 iulius.
1177 1239 1224 1303 vel
1252 1240 1389 1304 describit
1409 1242 1506 1325 ipsum
1528 1255 1671 1324 quantum

390 1347 427 1410 ad
447 1365 566 1429 corpus,
587 1360 617 1407 et
637 1344 709 1407 dicit
736 1343 816 1429 quod
839 1345 894 1406 iste
914 1342 970 1405 luit
989 1340 1085 1405 oculis
1113 1341 1205 1423 nigris
1233 1356 1263 1404 et
1291 1342 1435 1423 vigomsis
1456 1354 1486 1403 et
1507 1354 1570 1404 erat
1592 1354 1673 1403 totus

390 1446 517 1510 decorus
537 1460 567 1508 et
588 1459 748 1520 venustum
770 1443 829 1519 ille,
844 1444 921 1517 dico,
940 1443 1030 1505 timor
1052 1456 1081 1504 et
1101 1439 1239 1503 stimulus
1260 1455 1425 1524 poetarum,
1436 1442 1486 1524 qui
1508 1455 1571 1503 erat
1592 1455 1673 1503 tante

391 1544 560 1630 eloquentie
580 1542 659 1627 quod
683 1558 770 1627 poete
791 1542 935 1606 timebant
955 1562 1025 1604 cum
1047 1560 1083 1602 eo
1105 1539 1180 1602 selle
1200 1531 1349 1624 disputare
1370 1555 1399 1603 et
1421 1541 1482 1623 ipse
1503 1538 1674 1603 stimulabat

392 1660 493 1728 poetas
514 1642 688 1707 describere.
709 1677 730 1690 -
753 1644 883 1705 Corrlra:
903 1641 974 1704 dicit
1001 1639 1104 1714 alium,
1125 1660 1177 1701 seu
1199 1640 1303 1703 Titum
1331 1660 1476 1715 cesarem,
1498 1638 1591 1702 lilium
1613 1660 1674 1703 res·

391 1743 514 1826 paciani,
524 1743 575 1827 qui
597 1742 703 1804 evertit
724 1739 925 1803 ierosolimam
947 1738 1078 1822 gloriose
1099 1753 1128 1801 et
1150 1738 1204 1801 luit
1225 1740 1456 1801 virtuosissimos
1481 1754 1510 1801 et
1532 1739 1586 1802 luit
1606 1738 1674 1802 libe

391 1840 553 1904 ralissimus
574 1856 604 1904 et
624 1840 788 1915 delitiosus,
802 1854 833 1901 et
853 1837 908 1901 fuit
929 1854 1010 1901 tante
1032 1832 1174 1901 libertatis
1195 1838 1285 1922 quod,
1306 1839 1376 1901 dum
1396 1859 1453 1900 una
1474 1840 1540 1901 vice
1559 1839 1675 1902 sederet

391 1940 429 2003 ad
455 1940 672 2005 comedendum
701 1954 766 2001 tum
794 1940 857 2022 ipse
883 1938 976 2001 dixit:
1004 1937 1064 2000 heu
1096 1938 1186 2000 michi
1216 1940 1267 2021 qui
1292 1937 1331 2001 nil
1354 1937 1423 2000 boni
1443 1937 1498 2002 leci
1520 1938 1623 2002 hodiei
1645 1954 1674 2002 et

392 2038 484 2103 nichil
514 2038 626 2103 sciebat
647 2038 743 2102 iacere
771 2038 873 2121 rigide.
902 2036 969 2100 ideo
996 2037 1088 2100 dicit:
1117 2054 1220 2100 contra
1249 2036 1298 2100 ille
1325 2054 1483 2101 consuetus
1504 2038 1545 2102 nil
1567 2060 1675 2122 negare

392 2137 507 2223 placida
538 2137 645 2201 fronte.
665 2173 686 2186 -
710 2137 842 2200 Tertius:
863 2136 1002 2200 describit
1032 2136 1142 2214 aliurn,
1163 2158 1215 2199 seu
1248 2136 1417 2215 adrianum,
1438 2140 1488 2221 qui
1520 2137 1576 2202 luit
1605 2154 1676 2201 stre·

392 2241 552 2303 nuissimus
574 2241 603 2302 in
624 2241 714 2301 armis
736 2254 766 2300 et
787 2228 913 2321 maignus
935 2252 1032 2321 poeta,
1054 2252 1084 2299 et
1104 2240 1180 2300 inter
1199 2235 1256 2300 alia
1277 2236 1379 2300 habuit
1400 2259 1491 2302 unum
1512 2239 1593 2323 quod
1613 2239 1676 2302 nul·

392 2337 438 2401 lus
460 2337 515 2401 luit
534 2340 586 2422 qui
607 2353 724 2400 tantum
746 2337 858 2400 videret
880 2336 916 2400 de
938 2336 1061 2413 mundo,
1075 2352 1105 2399 et
1127 2338 1189 2421 ipse
1210 2358 1326 2420 semper
1345 2340 1440 2422 capite
1461 2338 1557 2416 nudo;
1578 2354 1608 2403 et
1628 2360 1676 2402 ve·

393 2439 476 2499 niens
497 2436 534 2500 ad
555 2452 684 2499 mortem
705 2438 782 2499 inter
803 2451 897 2499 semet
918 2438 996 2519 cepit
1017 2437 1114 2499 dicere
1136 2435 1224 2499 verba
1239 2458 1290 2519 per
1308 2453 1451 2513 metra,et
1471 2437 1676 2524 alloquebatur

392 2538 522 2598 animam
536 2557 632 2612 suam,
647 2538 696 2600 Sic
716 2537 837 2599 dicens:
860 2536 1006 2600 Animalia
1021 2538 1087 2619 (sic)
1102 2535 1219 2621 vagula,
1235 2536 1381 2613 blandula,
1396 2539 1503 2601 (ornes
1517 2538 1675 2624 hostesque

391 2637 534 2718 corporis,
556 2637 629 2710 Quo
652 2657 729 2699 nunc
752 2634 835 2698 abilis
858 2638 887 2698 in
910 2635 987 2713 loco,
1009 2636 1163 2713 pallidula,
1179 2637 1282 2722 rigida,
1296 2636 1425 2700 nudula?
1447 2640 1520 2715 Nec,
1535 2654 1569 2700 ut
1588 2639 1675 2717 soles,

392 2734 475 2797 dabis
495 2736 609 2798 iocos...
1402 2794 1408 2800 .
1489 2793 1491 2798 .

473 2834 590 2919 Lorrge:
611 2834 682 2898 dicit
709 2849 812 2925 poetas
840 2835 1042 2898 rnodemiores
1063 2838 1114 2921 qui
1135 2838 1319 2921 scripserunt
1339 2836 1375 2899 de
1397 2836 1482 2900 rebus
1502 2837 1625 2918 divinis3
1645 2855 1676 2903 et

393 2936 506 3017 primus
527 2934 584 2997 suit
605 2955 734 3000 aaaron.
749 2934 816 2997 ideo
837 2935 929 2999 dicite
950 2951 1050 2999 arator
1070 2935 1161 2999 divini
1184 2938 1267 3013 ruris,
1277 2938 1327 3021 qui
1348 2936 1403 3000 luit
1424 2938 1542 3001 Tuscus
1563 2955 1593 3002 et
1612 2954 1675 3003 erat

394 3031 473 3096 ultra
494 3032 612 3095 tiberim
640 3048 670 3096 et
697 3048 760 3097 erat
787 3036 864 3098 inter
891 3033 1058 3118 sepulturas
1087 3055 1191 3119 regum
1218 3034 1338 3120 deperse
1364 3036 1430 3116 (sicl
1457 3034 1495 3098 ab
1521 3035 1603 3121 alijs3
1623 3038 1676 3122 qui

392 3145 492 3194 arator
512 3131 629 3196 colebat
649 3154 790 3218 campum
810 3133 947 3211 fertilem,
967 3154 1020 3196 seu
1042 3154 1125 3197 sacre
1146 3135 1290 3218 scripture
1314 3149 1344 3196 et
1363 3134 1422 3198 hoc
1442 3134 1535 3198 suttili
1556 3136 1635 3199 stilo.
1655 3173 1676 3186 -

392 3231 490 3293 Huic:
510 3233 608 3314 tangit
628 3232 701 3295 alios
722 3234 808 3310 duos,
829 3254 958 3317 quorum
979 3255 1056 3296 unus
1077 3249 1202 3297 vocatur
1222 3254 1414 3310 rnuorrrrrus,
1435 3234 1519 3298 Alter
1539 3257 1611 3299 vero
1630 3257 1676 3301 se·

393 3349 519 3394 nutus...
534 3332 581 3393 isti
597 3330 754 3395 studebant
777 3354 913 3416 rumpere
935 3332 1041 3396 frustra
1063 3349 1156 3396 terras
1172 3334 1265 3417 rigido
1281 3349 1385 3412 rastro,
1399 3333 1474 3397 idest
1495 3335 1575 3398 sutili
1595 3337 1674 3400 stilo.

393 3442 422 3491 et
443 3444 521 3492 terra
541 3427 633 3507 ferax,
654 3432 729 3494 idest
749 3434 884 3509 materia,
905 3454 1007 3517 aspera
1028 3449 1092 3496 erat
1112 3435 1186 3510 istis,
1204 3447 1233 3496 et
1254 3434 1300 3496 isti
1326 3448 1409 3496 erant
1428 3432 1495 3496 lessi
1517 3450 1547 3497 et
1566 3436 1598 3498 in
1617 3437 1675 3499 isto

391 3526 460 3592 loco
481 3542 544 3591 erat
566 3526 666 3591 laurus
682 3546 711 3592 et
733 3534 761 3593 in
783 3530 835 3593 illo
856 3532 923 3596 loco
945 3548 1008 3596 erat
1028 3554 1139 3597 corona
1160 3532 1267 3619 aliqua,
1284 3554 1338 3596 nec
1360 3534 1469 3612 laurus,
1484 3555 1538 3597 nec
1559 3536 1674 3614 mirtus,

392 3649 447 3691 nec
461 3630 547 3691 edera
562 3629 668 3713 (herba
684 3631 828 3693 adherens
848 3632 1017 3717 arboribus)
1033 3650 1063 3696 et
1079 3655 1138 3697 non
1157 3634 1288 3697 studium
1303 3654 1387 3697 muse
1401 3650 1464 3696 erat
1484 3636 1547 3698 istis
1561 3651 1592 3699 et
1605 3657 1673 3716 voa,

391 3729 443 3791 sed
464 3750 541 3791 nova
564 3733 695 3793 materia.
717 3746 747 3793 et
768 3731 875 3793 doinus
897 3735 952 3796 ista
973 3749 1037 3796 erat
1065 3736 1148 3811 istis;
1176 3733 1292 3818 publica
1313 3734 1387 3796 silva
1409 3736 1506 3797 virens
1532 3733 1591 3797 alte
1612 3752 1675 3799 erat

391 3829 454 3890 istis
476 3843 506 3892 et
527 3829 626 3912 ample
646 3832 724 3892 vires
745 3846 775 3893 et
795 3832 883 3913 pinus
904 3832 991 3894 arbor
1017 3849 1048 3896 et
1078 3832 1179 3895 dulces
1206 3834 1285 3896 olive
1315 3849 1345 3895 et
1373 3855 1433 3897 non
1459 3834 1557 3896 solum
1578 3837 1674 3919 pinus,

391 3926 470 3990 oliva
491 3943 554 3990 erat
576 3932 698 3991 materia
712 3931 786 3993 istis.
801 3930 853 3993 sed
875 3932 963 3992 etiam
985 3933 1046 4016 ipsa
1063 3935 1147 4015 virgo
1163 3934 1264 4009 urana,
1279 3931 1381 3995 loveas
1394 3935 1518 3996 eristum
1539 3934 1687 4018 pulcmm'

391 4041 422 4089 et
442 4025 500 4090 hoc
521 4027 624 4111 pulcro
647 4028 769 4107 lumine,
781 4045 840 4093 stat
854 4031 917 4093 istis
940 4024 993 4114 pro
1014 4035 1147 4094 materia.
1162 4033 1243 4095 -hic
1258 4035 1354 4117 tangit
1368 4032 1457 4095 alium
1473 4048 1601 4117 poetam,
1621 4055 1674 4096 seu

391 4147 506 4191 ιιοιιιιιι
529 4128 763 4215 mulieremque
784 4134 898 4214 accepit
919 4135 1018 4194 omnia
1040 4133 1117 4196 dicta
1139 4132 1253 4196 homeri
1276 4150 1306 4197 et
1326 4134 1421 4218 virgili
1441 4155 1557 4219 queque
1577 4137 1675 4218 potuit

391 4240 421 4287 ct
442 4228 555 4308 aptavit
576 4227 611 4287 ad
636 4227 724 4289 fidem
746 4231 926 4305 cristianam,
948 4246 976 4293 et
1006 4232 1073 4293 ideo
1093 4233 1183 4295 dicit:
1213 4234 1268 4296 Hic
1296 4232 1349 4296 luit
1370 4253 1428 4295 una
1456 4248 1600 4311 matrona,
1621 4254 1673 4296 seu

391 4326 556 4410 probaque
577 4329 704 4391 sacrarit
725 4330 803 4392 dicta
825 4330 929 4393 llorida
950 4331 1075 4394 collecta
1098 4335 1218 4395 remotis
1239 4336 1322 4411 ortis,
1337 4354 1387 4395 seu
1411 4333 1543 4412 honreri3
1564 4350 1594 4397 et
1614 4333 1673 4398 hoc

390 4424 523 4488 versibus
544 4426 643 4489 latinis
664 4444 693 4491 et
716 4433 847 4512 reposuit
868 4432 899 4493 in
919 4431 1053 4494 versibus
1074 4433 1144 4493 suis.
1158 4468 1178 4479 -
1193 4434 1296 4495 Miro:
1317 4436 1412 4517 tangit
1432 4433 1522 4496 alium
1543 4450 1673 4519 poetam,

389 4544 442 4586 seu
465 4546 627 4604 revexerat,
642 4527 800 4611 hispanum
814 4532 939 4614 origine,
954 4533 1004 4615 qui
1019 4531 1158 4594 describit
1175 4534 1274 4594 omnia
1294 4533 1445 4617 evangelia
1459 4533 1528 4596 stilo
1549 4537 1672 4597 metrico

389 4639 419 4687 et
440 4624 502 4687 alto
517 4644 546 4690 et
561 4628 689 4710 optirne;
712 4645 741 4691 et
756 4629 824 4692 ideo
839 4631 926 4693 dicit:
949 4651 1006 4715 ego
1029 4631 1133 4717 loquar
1147 4634 1220 4695 mira
1235 4649 1263 4695 et
1280 4655 1346 4695 vera
1355 4657 1364 4711 ;
1385 4634 1436 4697 sed
1457 4636 1588 4697 carmina
1603 4634 1672 4710 vidi,

389 4727 457 4809 quia
481 4728 539 4789 ridi
560 4728 652 4791 istum
683 4731 843 4794 iuvencum
865 4732 999 4814 ispanuru
1021 4748 1190 4795 cantantem
1220 4750 1317 4797 nostra
1339 4721 1420 4834 uocet·i
1441 4733 1551 4811 latina;
1571 4735 1672 4812 istum,
