4125 5217
175 718 193 747 r·
208 704 283 758 Μ

826 434 858 485 li.
880 436 1069 487 DUCOLlCUM
1091 439 1224 489 canum
1602 439 1667 509 229

472 710 503 760 et
521 696 593 758 dum
613 695 736 758 ulterius
757 699 922 773 transirem,
943 718 1000 782 ego
1021 699 1087 762 veni
1108 699 1139 761 in
1160 697 1320 762 lorilirium
1341 696 1453 782 [lurum
1477 697 1556 783 lulij]
1578 714 1608 762 et
1628 700 1670 762 iu·

377 795 453 859 neni
467 797 557 859 istum
572 811 702 880 poetam,
712 817 763 858 seu
778 817 906 860 oanauu.
922 813 951 860 et
966 797 1155 881 progredior:
1171 796 1282 861 calidus
1298 796 1451 883 [aponus]‚
1467 799 1541 861 idest
1564 798 1670 862 llusius

386 895 464 980 apud
484 894 612 981 paduam
632 910 662 957 et
683 894 797 979 gelidus
818 897 960 973 timavus,
981 898 1090 959 fluvius
1111 895 1228 980 lorilisij
1251 897 1331 981 quod
1359 899 1450 960 intrat
1472 919 1554 960 marc
1575 900 1672 982 trige-

387 1009 478 1072 stutu‚
499 995 589 1057 modo
609 995 665 1057 ista
692 1010 775 1057 erant
803 994 892 1079 longe
913 994 1066 1080 equalibus
1087 997 1199 1080 spatijs,
1220 1011 1250 1058 et
1270 995 1341 1057 dum
1368 1017 1449 1059 cram
1476 998 1506 1060 in
1535 996 1672 1074 lorilivin

389 1092 486 1179 gallus
506 1093 640 1179 pervigil,
655 1095 790 1179 quatiens
804 1093 876 1172 alas,
890 1098 1028 1158 tractavit
1050 1116 1111 1158 rem
1134 1094 1290 1158 molestam
1312 1099 1479 1158 octaviano.
1497 1096 1534 1159 de
1554 1098 1673 1160 sinistro

390 1192 520 1257 cubuine
539 1191 610 1256 ville
636 1194 740 1256 statim
757 1194 819 1277 ipse
850 1194 946 1278 gallus
973 1193 1028 1257 luit
1058 1196 1189 1258 deiectus
1217 1195 1255 1258 de
1281 1194 1386 1258 arbore
1413 1211 1443 1258 et
1470 1196 1533 1280 ipse
1561 1196 1673 1260 malum

390 1292 548 1377 augurium
569 1290 634 1374 alijs
648 1292 752 1375 poetis.
769 1292 844 1354 llinc
859 1294 967 1354 tacitus
981 1312 1039 1376 ego
1053 1313 1161 1377 sequor
1181 1292 1267 1355 litora
1288 1295 1453 1356 resonantia
1467 1314 1561 1357 curuo
1574 1309 1674 1372 cautu,

392 1406 422 1455 et
441 1390 569 1455 finaliter
583 1412 648 1454 rura
663 1411 771 1453 sonora
791 1392 936 1455 dederunt
957 1413 1062 1456 uocem
1084 1408 1113 1455 et
1135 1393 1238 1470 serba;
1254 1409 1284 1456 et
1305 1392 1362 1457 hoc
1385 1408 1448 1457 est:
1471 1394 1590 1457 tandein
1612 1415 1675 1478 per·

392 1492 460 1555 veni
480 1491 518 1555 ad
537 1508 635 1577 partes
657 1491 825 1577 grecic,ubi
847 1508 931 1555 erant
951 1491 1037 1555 multi
1059 1510 1147 1577 poete
1168 1510 1198 1556 et
1219 1514 1276 1578 ego
1298 1492 1473 1556 macilentus
1495 1495 1605 1557 transio
1620 1496 1676 1557 ista

391 1589 531 1660 litoraet
544 1591 787 1676 ‚primoperveui
809 1594 951 1654 smirnam
973 1608 1001 1655 et
1023 1590 1062 1653 ibi
1084 1594 1182 1655 inveni
1206 1613 1350 1657 aronenuu
1371 1593 1495 1656 introitu
1523 1596 1676 1679 grecioet
1714 1650 1718 1656 .

394 1691 511 1777 requiro
540 1691 581 1754 ibi
609 1712 713 1755 cecum
742 1690 898 1754 homerum
926 1707 1071 1776 quantum
1099 1692 1134 1755 ael
1167 1692 1270 1755 oculos
1298 1691 1349 1754 scd
1376 1692 1491 1756 clarum
1519 1694 1549 1756 in
1576 1695 1677 1756 animo

394 1793 467 1856 eius.
487 1806 517 1856 et
537 1793 600 1877 ipse
620 1791 770 1868 homerus,
792 1808 948 1878 postquam
969 1795 1112 1877 cognouit
1133 1813 1182 1855 mc
1203 1794 1327 1855 missum
1348 1790 1386 1855 ab
1406 1790 1508 1878 ytalia,
1529 1795 1608 1878 cepit
1630 1814 1678 1855 me

394 1911 448 1977 per
467 1912 588 1955 manum
610 1907 640 1954 et
661 1893 768 1976 rerepit
789 1894 819 1954 in
847 1893 945 1955 medio
966 1892 1108 1955 siluarum
1130 1913 1178 1955 me
1199 1913 1313 1955 sessum
1334 1894 1364 1954 in
1384 1912 1494 1956 oscuro
1515 1893 1588 1970 situ,
1609 1894 1678 1979 quia

396 1993 459 2076 ipae
477 1992 577 2054 omnia
600 1991 722 2054 rimatus
751 2006 805 2068 est,
833 2007 862 2053 et
890 1991 1051 2055 introducit
1072 2014 1121 2055 me
1141 1993 1266 2077 segretis
1288 1990 1384 2056 verbis
1417 2007 1446 2055 ct
1468 1992 1561 2055 multa
1581 1992 1679 2056 didici.

396 2111 456 2177 ego
475 2090 538 2175 figo
557 2089 660 2154 oculos
682 2106 711 2154 ct
732 2111 788 2175 ego
810 2090 934 2154 libenter
954 2093 1161 2176 circumspicio
1176 2094 1235 2155 iarn
1256 2094 1287 2155 in
1309 2091 1439 2176 generali
1460 2106 1491 2153 et
1511 2090 1628 2177 singula
1650 2093 1679 2154 iu

397 2190 527 2278 speciali,
548 2206 579 2254 et
598 2212 659 2255 non
678 2208 849 2268 consuetus,
870 2191 950 2254 fruor
970 2214 1108 2256 sermone
1129 2194 1219 2277 ipsius
1241 2193 1356 2255 humeri
1378 2194 1498 2254 senis...

480 2291 572 2377 reperi
593 2291 698 2354 deinde
718 2312 885 2367 eunrnrnuu,
906 2293 955 2376 qui
980 2293 1098 2375 scripsit
1117 2294 1147 2354 in
1176 2291 1244 2354 stilo
1266 2293 1391 2376 tragico,
1412 2306 1442 2353 ct
1463 2305 1508 2355 est
1528 2292 1680 2355 sciendum

397 2390 478 2476 quod
497 2393 554 2455 iste
574 2390 630 2454 fuit
649 2392 761 2454 amicus
782 2390 919 2454 archelao
941 2394 1003 2477 regi
1023 2394 1135 2475 persie;
1163 2392 1234 2455 dum
1255 2411 1322 2454 sero
1343 2392 1458 2453 veniret
1478 2392 1508 2453 in
1529 2390 1682 2475 palatium,

398 2512 486 2556 anes
506 2489 680 2553 occiderunt
708 2493 804 2574 ipsum
836 2507 866 2553 et
897 2508 968 2555 tuuc
1000 2513 1050 2554 res
1073 2507 1193 2576 propter
1223 2493 1373 2554 tristitiam
1394 2490 1509 2574 tonderi
1532 2504 1562 2553 et
1582 2489 1681 2554 abradi

398 2590 469 2656 lecit
489 2590 545 2655 sibi
566 2589 697 2654 barbam.
709 2606 738 2654 et
758 2590 929 2675 dicitquod
950 2611 1050 2654 coram
1073 2590 1197 2653 homero
1217 2591 1314 2653 stabat
1334 2592 1443 2675 primo,
1460 2610 1513 2652 seu
1528 2591 1682 2675 euripides.

400 2692 447 2775 cuj
469 2691 593 2776 euripidi
614 2690 735 2754 daturus
756 2689 810 2752 suit
830 2711 934 2776 yrcum
956 2692 986 2752 in
1008 2711 1116 2753 niunus
1131 2706 1160 2752 et
1175 2690 1298 2765 donum,
1313 2711 1330 2751 a
1347 2689 1562 2772 designandum
1584 2706 1683 2752 naate-

401 2792 474 2855 riam
494 2791 644 2855 crudelem
664 2806 695 2853 et
715 2806 828 2874 strages
848 2790 1014 2852 bortaiunm.
1038 2811 1089 2873 per
1109 2790 1167 2852 hoc
1188 2791 1285 2874 tarrgit
1305 2789 1385 2874 quod
1412 2789 1468 2852 luit
1489 2789 1613 2873 tragedo
1634 2811 1684 2873 op

399 2893 490 2955 tintus
517 2892 579 2976 ipse
605 2891 750 2976 euripides
782 2906 812 2953 et
839 2889 962 2952 canebat
993 2910 1078 2952 casus
1106 2889 1264 2952 hominum
1285 2905 1315 2951 et
1341 2908 1454 2972 regum.
1477 2902 1589 2965 tamen,
1615 2888 1684 2952 licet

399 2989 577 3055 describeret
607 2991 683 3055 lacta
715 2990 819 3065 aliena,
842 3005 1022 3053 nontamen
1046 2988 1163 3054 ridebat
1193 3010 1296 3054 casum
1323 2988 1469 3065 ocultum,
1491 3010 1545 3051 uec
1567 2990 1684 3053 videbat

384 3110 487 3157 -·cauet
507 3106 586 3155 stare
606 3112 696 3175 prope
718 3093 854 3175 ipsum...
875 3091 957 3152 iusta
989 3092 1078 3153 istum
1110 3090 1206 3154 stabat
1226 3109 1406 3155 soruoccus.
1428 3090 1508 3152 Nota
1529 3089 1609 3174 quod
1630 3091 1685 3152 iste

398 3196 456 3261 fult
475 3194 622 3257 maximus
643 3207 730 3276 poeta
751 3206 780 3253 et
801 3191 943 3253 continuo
958 3190 1095 3253 studebat
1109 3190 1322 3275 propterquod
1344 3188 1383 3271 lili
1405 3189 1451 3251 sui
1472 3207 1686 3252 accusaverunt

400 3299 509 3382 ipsum,
522 3292 601 3379 quod
623 3306 686 3355 erat
706 3289 814 3367 fatuus,
829 3290 1042 3375 propterquod
1057 3289 1196 3352 solebant
1209 3289 1289 3375 quod
1310 3288 1465 3373 sophocles
1488 3288 1686 3373 deponeretur

401 3395 548 3459 aiudiclo
570 3392 716 3456 bonorum
737 3412 869 3455 suorum.
884 3406 1003 3473 propter
1023 3389 1103 3472 quod
1124 3390 1196 3473 ipse,
1211 3404 1394 3452 convocatus
1415 3388 1452 3450 ad
1473 3387 1625 3463 iudicium,
1646 3408 1685 3449 re-

401 3496 504 3558 citavit
525 3493 601 3556 lacta
622 3512 681 3577 qne
701 3489 894 3554 describebat.
909 3489 996 3552 Unde
1010 3487 1114 3551 habuit
1135 3490 1300 3552 nimiruum
1315 3486 1594 3564 honoren1‚ctideo
1615 3486 1686 3549 dicit

402 3591 515 3678 (iuxta)
537 3590 706 3676 euripedent
727 3587 893 3673 sophocles,
920 3610 1009 3651 senex
1037 3604 1184 3674 qnantum
1206 3588 1243 3650 ad
1265 3602 1423 3670 tempus...
1445 3602 1475 3649 et
1497 3588 1593 3670 tangit
1613 3585 1686 3648 alius

403 3708 515 3777 poetas,
534 3713 587 3757 seu
609 3711 761 3755 srsrcsruus
782 3687 976 3774 [Simonides]
997 3705 1027 3751 et
1054 3708 1262 3752 srcnsrconss:
1284 3688 1397 3772 prinam
1419 3687 1558 3749 tractavit
1578 3685 1615 3747 de
1634 3707 1688 3747 sa-

404 3791 681 3875 crifitijs,secundus
696 3791 833 3852 tractauit
848 3788 922 3851 bella
934 3804 964 3850 et
977 3791 1173 3851 instrumenta
1188 3787 1309 3864 bellica;
1323 3786 1391 3849 iude
1410 3785 1542 3849 sanorem
1563 3785 1687 3849 deorum

404 3911 456 3953 seu
476 3892 587 3974 prinam
608 3890 764 3975 acquisivit
786 3904 904 3972 propter
924 3888 1040 3950 descrit*
1074 3908 1133 3949 em
1158 3886 1337 3962 divinorum,
1358 3885 1410 3948 sed
1437 3883 1512 3947 alter
1532 3886 1687 3970 acquisivit

404 3989 536 4053 levorem
555 3990 722 4053 homiuum.

487 4088 592 4153 lesbia:
612 4089 751 4153 describit
771 4087 862 4150 alium
884 4104 1012 4172 poetam,
1026 4106 1079 4149 seu
1101 4085 1237 4149 Alterum
1259 4082 1415 4170 [atcuunJ.
1437 4100 1467 4147 et
1487 4086 1543 4147 iste
1563 4083 1618 4174 luit
1638 4104 1689 4164 po

406 4203 470 4252 tens
490 4188 591 4273 lingua
612 4205 641 4252 et
662 4189 822 4273 ense‚quia
842 4185 897 4250 luit
918 4209 1044 4271 magnus
1066 4201 1153 4270 poeta
1175 4202 1205 4248 et
1225 4184 1309 4248 sortis
1330 4184 1433 4247 homo.
1455 4185 1510 4246 iste
1531 4182 1586 4246 luit
1607 4198 1688 4244 tante

405 4290 545 4355 bonitatis
565 4288 788 4374 quod,audiens
809 4288 888 4371 quod
910 4286 1004 4351 insula
1026 4286 1107 4349 lesbo
1128 4307 1267 4371 oppressa
1290 4302 1351 4349 erat
1369 4284 1530 4371 aquodam
1552 4300 1689 4368 tyranno,

404 4393 460 4455 istc
480 4391 534 4454 ivit
555 4405 585 4452 ct
605 4388 763 4452 trucidavit
783 4404 941 4473 tyrannum
964 4403 993 4451 et
1014 4386 1127 4471 expulit
1148 4385 1349 4473 tyrannidem3
1370 4402 1400 4447 et
1421 4384 1488 4446 ideo
1502 4383 1590 4445 dicit:
1611 4382 1689 4443 unde

404 4489 490 4568 alius,
510 4510 563 4553 seu
584 4488 707 4566 alceus,
728 4488 875 4573 gloriosus
902 4504 1047 4573 quantum
1075 4486 1111 4549 ad
1139 4508 1221 4550 amaa
1242 4502 1272 4549 et
1298 4500 1443 4571 quantum
1471 4484 1508 4546 ad
1535 4482 1688 4545 scientiam

406 4591 564 4676 poeticam,
585 4610 655 4652 usus
676 4603 731 4665 est,
752 4605 781 4651 ct
802 4610 853 4651 sua
876 4587 1043 4672 eloquentia
1064 4590 1143 4651 canit
1164 4586 1299 4671 (supple)
1321 4603 1479 4672 tyrannum
1501 4596 1620 4666 captum
1639 4600 1691 4664 per

406 4708 514 4757 terram
546 4687 642 4753 lesbus
663 4704 693 4751 et
723 4691 803 4753 cauit
834 4688 977 4773 populum
1009 4688 1165 4751 liberatum
1197 4711 1213 4750 a
1246 4708 1287 4749 se.
1308 4722 1327 4734 -
1347 4686 1469 4749 Altera:
1500 4683 1689 4766 ...poetissam
1720 4748 1723 4754 ,

407 4792 517 4856 dictam
537 4808 644 4866 sartio,
670 4787 823 4852 mulierem
852 4809 989 4873 grecam,
1015 4809 1074 4873 que
1101 4789 1254 4870 descripsit
1281 4786 1318 4849 de
1338 4786 1465 4847 materia
1484 4780 1702 4842 amesisssxdeo
