4125 5217
230 684 251 713 s.
267 673 341 722 3⁶43

232 869 341 918 nte-is

881 402 914 452 su
938 370 1127 452 sucostcuss
1149 404 1280 453 cssusu
1360 427 1362 429 -
1658 385 1723 473 283

521 660 671 724 dextrum:
698 662 820 724 scientie
846 664 987 725 virtutem
1015 677 1046 724 ct
1072 664 1245 745 potentiam.
1273 698 1293 710 -
1315 661 1421 745 futen:
1445 664 1514 745 quis
1538 665 1569 726 in
1589 663 1727 747 solitariis

443 775 532 845 poste
551 759 612 824 alta
631 775 816 844 componunt
836 776 983 844 poemata.
1005 794 1025 808 ·
1046 760 1174 823 terttbris:
1196 761 1271 824 idest
1295 761 1519 825 difficultatibus
1540 784 1645 847 poesys
1666 764 1682 848 (
1704 768 1728 846 ).

527 860 630 923 iuxta:
651 862 808 945 Eusrrrous
829 874 917 942 poete
943 860 995 943 qui
1022 860 1147 921 homero
1173 862 1325 923 successit.
1346 860 1395 923 bic
1420 862 1559 945 georgica
1581 866 1660 945 prius
1681 863 1729 926 de-

446 959 563 1043 scripsit
584 972 614 1021 et
634 959 756 1042 tragion,
776 958 824 1021 cui
846 959 876 1019 in
898 959 1045 1041 premium
1058 958 1144 1021 datus
1159 957 1214 1022 iuit
1235 959 1344 1022 hircus.
1366 959 1486 1023 tandem
1506 980 1523 1022 a
1544 959 1666 1024 canibus
1687 963 1729 1023 in·

444 1056 626 1121 suiectus...
647 1056 707 1141 (a).

525 1158 637 1243 impure
656 1162 759 1219 cnsttu:
779 1156 849 1241 quia
869 1158 1028 1219 exametris
1049 1171 1080 1219 et
1099 1157 1313 1241 penthametris
1333 1156 1395 1240 (ς).

530 1256 590 1333 Qui
609 1274 703 1319 novo:
724 1253 862 1318 describit
882 1254 975 1318 alium
990 1271 1116 1339 poetam
1136 1276 1188 1319 scu
1209 1254 1364 1341 Thespym
1381 1258 1432 1340 qui
1447 1271 1492 1320 tot
1506 1260 1637 1321 carmina
1650 1278 1732 1322 com·

447 1353 577 1438 ponebat
595 1353 675 1439 quod
695 1355 811 1418 iuvenci
826 1375 914 1439 supra
927 1376 1049 1417 currum
1071 1370 1188 1439 portare
1202 1376 1262 1418 non
1277 1357 1453 1439 potuissent,
1467 1357 1518 1421 sed
1533 1377 1584 1441 pre
1602 1359 1731 1443 pondere

447 1468 581 1518 monuus
608 1468 694 1519 esset.
719 1488 740 1501 ·
758 1452 873 1517 Bibiidn
898 1456 966 1538 qui:
989 1454 1136 1519 Describit
1157 1475 1355 1519 ssrsrosnuust
1376 1459 1427 1540 qui
1450 1455 1603 1541 Byblidcm
1625 1456 1731 1522 illicito

448 1571 549 1616 amore
568 1551 715 1616 iacentem
735 1551 898 1636 descripsit,
918 1573 976 1639 que
991 1556 1128 1618 Caunum
1149 1553 1269 1618 fratrem
1290 1576 1379 1619 suum
1397 1555 1502 1621 dilexit
1516 1571 1546 1619 et
1567 1558 1597 1619 in
1618 1556 1732 1621 iontem

448 1671 590 1716 conversa
610 1666 675 1730 est;
695 1652 775 1737 quod
796 1652 884 1715 lietb.
906 1652 1034 1717 Ovidius
1056 1656 1140 1736 pouit
1160 1653 1175 1738 (
1196 1653 1222 1738 ).

496 2110 498 2114 ‚
520 2130 559 2194 (s)
577 2129 647 2179 alos:
666 2140 770 2179 otttus
789 2127 840 2179 iste
859 2128 904 2180 luit
924 2128 1050 2179 maximos
1075 2135 1150 2194 poets
1171 2136 1197 2179 et
1221 2126 1268 2178 luit
1292 2126 1456 2178 foroiulensis
1480 2135 1506 2179 et
1530 2127 1593 2178 vixit
1617 2137 1732 2195 tempore

448 2215 578 2269 Ottsvisni
596 2225 622 2269 et
639 2216 687 2268 tuit
705 2216 805 2284 Virgiiij
824 2217 1003 2268 amicissimus.
1027 2217 1078 2268 iste
1104 2215 1193 2267 Gallus
1215 2216 1303 2268 dilexit
1323 2232 1400 2267 unam
1419 2216 1551 2268 dominnm
1568 2233 1619 2283 que
1638 2217 1683 2268 ivit
1704 2218 1732 2268 in

448 2306 576 2375 egiptum
588 2315 614 2359 et
627 2306 674 2358 iste
686 2307 778 2375 gallus,
789 2308 834 2374 qui
847 2319 900 2359 erat
914 2307 1127 2359 familiarissimus
1139 2306 1279 2367 Ottsvisni.
1291 2307 1424 2358 adinvenit
1437 2308 1540 2358 modum
1553 2308 1622 2374 quod
1635 2308 1731 2359 electus

449 2397 496 2458 fnit
514 2397 542 2449 in
559 2397 605 2448 ills
622 2396 727 2465 regione
746 2396 771 2447 in
791 2398 921 2448 siosriuns.
940 2407 965 2449 et
986 2398 1098 2459 tandem,
1117 2406 1144 2448 ut
1163 2414 1219 2448 snos
1237 2407 1276 2448 est
1295 2397 1438 2456 hominum,
1451 2396 1558 2448 nescivit
1576 2414 1604 2448 se
1621 2398 1733 2450 sustinere

449 2489 512 2557 quin
531 2488 626 2540 mslutn
645 2488 791 2555 loqueretur
808 2489 841 2539 de
858 2488 1005 2547 Ottaviano;
1022 2489 1093 2555 quod
1112 2497 1247 2555 postquem
1272 2487 1326 2555 ipse
1344 2487 1451 2548 sudivit
1470 2486 1579 2554 privssit
1597 2487 1682 2555 ipsum
1700 2489 1734 2538 de

450 2577 575 2648 ‹lignitste
593 2586 619 2630 et
637 2578 740 2629 demum
759 2577 817 2629 iecit
835 2577 919 2644 ipsum
940 2577 1041 2629 mattsri
1061 2578 1178 2629 fustibus.

523 2670 562 2734 (2)
580 2666 654 2739 [Lu]
673 2668 814 2718 Srsdlr'mt'or
830 2685 911 2718 unus:
932 2666 984 2718 Iste
1004 2666 1050 2717 luit
1068 2684 1159 2734 grecus
1178 2678 1282 2717 vocatus
1302 2680 1443 2717 custumes
1458 2666 1582 2717 metimus
1597 2677 1672 2733 poete
1685 2676 1733 2717 tr·-

450 2757 531 2825 gedus
549 2765 575 2808 et
594 2758 659 2808 bene
677 2756 780 2824 scripsit
791 2773 886 2808 onmes
905 2773 978 2807 casus
997 2765 1023 2807 et
1042 2756 1157 2807 fortunas
1180 2773 1268 2823 regum
1286 2768 1312 2807 et
1331 2757 1439 2811 ducum:
1462 2766 1548 2807 tsmen
1572 2755 1678 2807 nescivit
1697 2756 1729 2804 ir>

449 2846 589 2905 fortunium
608 2846 741 2913 previdete
758 2847 829 2914 quod
846 2845 893 2897 suit
912 2846 976 2898 tale:
991 2846 1043 2897 iste
1062 2855 1116 2896 crat
1136 2847 1243 2897 multum
1261 2846 1359 2896 amicus
1378 2845 1495 2911 Archelaj
1511 2845 1577 2912 regis
1595 2862 1697 2912 perssru
1721 2875 1735 2900 -,

450 2936 495 3004 qui
514 2953 557 2988 res
576 2937 657 3003 magis
676 2936 805 2988 neminem
824 2936 955 3002 diligebat,
973 2945 998 2986 et
1018 2936 1127 2986 babebat
1146 2936 1178 2986 de
1196 2936 1382 2987 consuetudine
1401 2935 1449 2986 iste
1468 2951 1525 2986 curn
1546 2952 1604 3002 rege
1628 2936 1684 2986 solo
1713 2936 1736 2981 'n

451 3044 498 3081 sns
514 3043 614 3080 osmers
632 3037 700 3079 stsre
723 3036 750 3079 et
773 3027 823 3078 sibi
848 3028 901 3094 regi
926 3026 1092 3078 couisbulnri.
1117 3035 1143 3078 et
1168 3027 1216 3077 iste
1239 3042 1283 3077 rex
1309 3026 1418 3077 muitum
1442 3026 1614 3077 delectsbstur
1639 3026 1671 3075 de
1699 3043 1734 3075 :n

451 3120 567 3171 Tendens
586 3119 666 3169 semel
684 3118 768 3184 ipsum
787 3127 921 3168 exeuntem
940 3118 972 3167 de
991 3134 1091 3169 cernere
1111 3117 1179 3183 regis
1200 3134 1276 3168 canes
1302 3116 1370 3183 regis
1395 3117 1495 3167 obsessi
1519 3126 1579 3167 sunt
1603 3125 1627 3167 et
1653 3117 1690 3180 ip.-
1703 3134 1737 3164 υτ.

452 3209 639 3267 interfecerunt.
659 3209 734 3261 Unde
754 3225 797 3259 rex
816 3208 904 3259 hebuit
924 3224 1045 3274 magnum
1064 3208 1178 3259 dolorem
1198 3218 1223 3259 et
1243 3209 1269 3258 in
1289 3208 1392 3274 signum
1410 3206 1507 3258 doloris
1526 3216 1552 3258 et
1571 3224 1661 3273 megae
1704 3226 1735 3255 12²

452 3301 520 3353 stitie
539 3299 596 3352 iecit
615 3299 664 3350 sibi
684 3299 784 3351 tonderi
803 3300 908 3349 herbam
926 3310 952 3349 et
970 3297 1086 3365 capillos,
1104 3307 1133 3348 nt
1151 3298 1239 3350 licters
1258 3298 1329 3349 dicit.

523 3394 561 3456 (3)
581 3391 658 3441 Hunc
678 3394 755 3441 teins:
774 3390 853 3457 aliqui
872 3389 960 3440 dicunt
978 3390 1048 3455 quod
1068 3402 1206 3439 nsocusus
1226 3389 1272 3440 init
1290 3388 1339 3440 iste
1351 3398 1426 3456 poete
1438 3389 1471 3440 de
1483 3388 1534 3440 teia
1546 3388 1643 3439 insule:
1675 3413 1678 3419 ·
1721 3407 1735 3436 τι

450 3482 539 3535 dieunt
556 3482 626 3549 quod
645 3481 691 3531 luit
710 3493 870 3539 nunciemus
888 3492 914 3531 et
932 3481 993 3532 dicit
1015 3481 1183 3547 «liquescens
1202 3481 1262 3547 igne
1287 3479 1405 3540 samios,
1424 3480 1489 3530 idest
1503 3494 1593 3530 smore
1606 3479 1664 3529 cuiu
1732 3499 1737 3523 ι

452 3571 566 3624 mulieris
585 3572 618 3622 de
637 3571 720 3622 insula
739 3571 823 3622 Seruo.

353 3674 362 3699 ¹
457 3693 460 3702 ·
524 3678 610 3713 casses:
629 3677 706 3713 osnes
724 3670 797 3712 voest
815 3660 1050 3711 lacedemonienses
1073 3659 1143 3726 quia,
1166 3660 1230 3726 ipsis
1253 3658 1432 3709 obsidentibus
1455 3657 1584 3724 quendam
1608 3657 1693 3707 civitat

240 4035 261 4064 s.
277 4034 330 4063 sss·
339 4022 377 4063 sad

240 4306 262 4334 s.
277 4292 378 4345 sep-146

451 3752 494 3804 ubi
513 3761 636 3804 stetersnt
654 3768 700 3818 per
718 3750 931 3818 quinquennium,
950 3767 1039 3801 eorum
1053 3767 1144 3801 uxores
1158 3750 1352 3801 notificaverunt
1365 3749 1444 3815 quod,
1463 3748 1485 3799 si
1504 3765 1556 3799 non
1576 3747 1688 3799 redirent
1715 3768 1729 3795 t.

452 3844 550 3903 ubero,
568 3843 602 3894 de
618 3841 676 3908 slijs
696 3841 793 3893 meritis
812 3841 861 3891 sibi
880 3840 1053 3907 providerent.
1072 3840 1140 3891 unde
1159 3839 1232 3890 electi
1252 3849 1311 3889 sunt
1331 3838 1436 3889 iuvenes
1449 3838 1552 3890 inutiles
1566 3838 1633 3889 bello
1646 3847 1671 3889 et
1687 3839 1741 3905 apti

451 3932 602 3985 concubitus
620 3940 646 3983 et
666 3931 816 3983 missisunt
835 3932 867 3982 sd
886 3931 1014 3982 civitatem
1030 3939 1061 4002 ut
1079 3930 1198 3982 dominas
1216 3938 1404 3980 contentarent.

522 4018 594 4091 [CB]
609 4022 669 4071 Vidi
681 4024 740 4087 qui:
755 4024 930 4071 Attcstttocus
943 4019 987 4086 qui
1000 4037 1123 4087 generum
1137 4036 1210 4070 suum
1224 4022 1256 4069 ad
1270 4019 1438 4085 suspendium
1452 4018 1505 4069 suis
1518 4017 1634 4069 versibus
1647 4016 1740 4084 coegit,

453 4110 513 4162 ideo
530 4112 600 4178 quod
618 4112 704 4163 dotem
723 4110 796 4162 uxori
814 4110 959 4178 denegarit,
971 4110 1167 4177 composuitque
1179 4110 1262 4176 turpis
1275 4109 1389 4160 osrmina
1409 4109 1434 4159 in
1454 4126 1523 4167 eunt,
1537 4110 1605 4159 unde
1617 4108 1740 4174 expulsus

452 4200 513 4261 tutu
531 4209 608 4268 stque
627 4203 733 4253 credens
753 4202 846 4253 habere
865 4202 968 4258 iamanr,
987 4201 1075 4252 habuit
1094 4200 1235 4251 inism'nm.

525 4293 565 4356 (4)
582 4290 664 4359 [LE]¹
678 4292 731 4354 Qui
747 4293 800 4341 sule
819 4300 900 4355 tergi:
920 4290 972 4341 Iste
991 4306 1066 4357 poeto
1086 4302 1189 4340 voostur
1207 4302 1274 4339 essm
1294 4298 1319 4339 et
1339 4288 1385 4339 luit
1405 4288 1511 4344 stritus:
1528 4298 1552 4337 et
1573 4288 1626 4337 ss'e
1640 4286 1742 4351 rigenti.

377 4408 380 4413 ·
452 4380 519 4432 idest
537 4380 663 4447 snpientia
681 4390 706 4431 et
726 4381 870 4447 repulsione
888 4397 988 4447 aspera,
1001 4382 1170 4446 reprendebat
1183 4390 1208 4430 et
1222 4381 1320 4430 terebst
1333 4390 1404 4445 terge
1417 4379 1520 4436 laniata,
1540 4378 1605 4428 idest
1625 4386 1742 4443 poemate

240 4577 262 4605 s.
279 4562 333 4604 sde-
343 4563 381 4613 spo

452 4479 584 4537 postorum
605 4471 671 4523 mole
689 4472 805 4521 ordinate
824 4482 848 4521 et
869 4470 1003 4521 intellecta.
1024 4483 1049 4521 et
1069 4472 1117 4521 ltoc
1135 4471 1197 4521 dicit
1216 4470 1277 4536 quia
1295 4469 1473 4520 scribebantur
1492 4468 1518 4518 in
1537 4468 1613 4518 cartis
1632 4466 1742 4517 bovinis.

524 4558 596 4630 [CB]
615 4563 651 4611 ibi
669 4579 764 4612 sensnm:
784 4562 815 4611 de
834 4574 954 4612 cnstttts)
972 4561 1016 4628 qui
1038 4561 1152 4613 tractas-it
1171 4561 1203 4611 de
1224 4577 1284 4627 rege
1302 4561 1450 4611 slexsndro.
1469 4560 1501 4611 Et
1526 4558 1614 4610 habuit
1634 4559 1742 4608 mulum

450 4667 540 4703 surum
560 4652 592 4702 Et
617 4668 669 4703 non
694 4652 752 4702 lecit
777 4652 826 4701 nisi
850 4652 963 4718 quinque
989 4653 1057 4703 bona
1081 4652 1202 4702 carmina.
1228 4652 1342 4702 horatius
1367 4651 1479 4718 appellat
1506 4667 1564 4701 eunt
1590 4662 1741 4701 crtuttttnt.

447 4741 541 4794 deinde
558 4758 616 4793 cum
636 4758 727 4809 magns
746 4742 925 4793 erubescentis
945 4741 1056 4793 restituit
1075 4742 1172 4793 dictum
1191 4759 1292 4793 surum.
