4125 5217
926 375 1078 426 ANTONlO
1101 376 1208 425 avlam

1247 509 1275 520 .-

947 746 1100 842 [Eetooa
1122 745 1194 840 vt]

510 1060 582 1137 Quis
603 1079 720 1120 aee-retus:
743 1059 804 1120 llcc
827 1077 856 1119 st
878 1071 908 1120 et
929 1075 1054 1141 sequens
1076 1054 1193 1140 egloga,
1214 1076 1272 1140 que
1293 1054 1416 1138 septima
1444 1070 1498 1127 est,
1517 1055 1553 1116 de
1574 1056 1714 1119 Romanis

428 1158 594 1244 pastoribus
616 1174 695 1220 sum.
718 1159 856 1233 Quarum
879 1158 974 1240 prime
990 1158 1179 1239 «pastorium
1196 1155 1330 1218 Pathos»
1347 1154 1450 1216 titulus
1464 1169 1517 1229 est,
1533 1156 1607 1217 idest
1621 1169 1715 1237 pasto

429 1260 496 1322 ralis
518 1258 659 1345 delectus.
681 1257 783 1320 Pothus
804 1260 883 1319 enim
906 1276 1003 1340 grece,
1026 1255 1117 1340 latine
1141 1256 1235 1340 passio
1262 1255 1379 1317 dicitur.
1401 1253 1605 1317 Collocutores
1625 1256 1714 1317 etiam

429 1376 498 1421 sunt
527 1357 708 1443 Pamphylos
735 1372 764 1420 ct
793 1357 889 1420 Mitio.
919 1355 1102 1440 pamphylus
1130 1372 1175 1417 cst
1203 1357 1329 1418 Sanctus
1357 1357 1460 1417 Petrus
1481 1354 1577 1417 dictus
1604 1376 1620 1415 a
1649 1355 1715 1416 ‘Pan

425 1458 507 1544 quud
529 1474 574 1521 est
595 1464 666 1520 lotias
688 1474 717 1519 et
736 1456 836 1541 pb'tlos
855 1457 936 1541 quod
958 1471 1003 1518 est
1024 1475 1115 1526 errator,
1136 1456 1205 1539 quia
1227 1470 1308 1517 totus
1336 1456 1365 1516 in
1394 1465 1498 1516 amore¹
1515 1453 1624 1518 Christi
1651 1452 1715 1516 suit.

428 1561 516 1622 blitio
537 1556 713 1640 intelligitur
734 1555 876 1621 Clemens
898 1577 972 1640 papa
995 1557 1130 1630 Quintus
1152 1554 1314 1637 plurimum
1330 1553 1530 1638 uoluptatibus
1550 1552 1716 1638 indulgens,

427 1679 444 1720 a
465 1659 592 1721 blitione
619 1657 816 1720 Terrcutiauo
844 1641 1086 1740 cognominatus,
1107 1655 1144 1717 dc
1165 1675 1226 1739 quo
1247 1654 1421 1718 &ratrrtcdia
1445 1644 1549 1741 ¹quarta
1570 1644 1714 1744 Terrentij

429 1756 508 1825 bene,
524 1756 644 1841 legitur.
1378 1761 1380 1764 ’

508 1855 741 1942 planarios:idest
756 1855 940 1938 Stephanum
957 1855 1229 1938 prothomartirem‚
1250 1855 1292 1918 sic
1307 1855 1419 1918 dictum
1440 1876 1457 1917 a
1477 1852 1545 1917 loco
1566 1853 1643 1917 unde
1663 1851 1717 1916 luit

429 1953 608 2038 Stephanus,
622 1956 672 2040 qui
688 1956 854 2017 martirium
869 1954 1057 2039 lapidationis
1072 1957 1101 2016 in
1117 1956 1266 2037 primitiva
1287 1956 1416 2038 suscepit
1431 1953 1564 2017 ecclesia.
1577 1988 1588 2002 ·
1601 1960 1717 2038 segetes:

428 2055 546 2118 divitias
568 2054 715 2116 bonoim
743 2053 877 2117 ecclesie.
897 2089 918 2102 -
939 2053 1076 2116 acerbas:
1103 2056 1172 2137 quia
1201 2068 1344 2137 pastores,
1364 2055 1486 2117 auaritia
1508 2054 1599 2129 ducti,
1619 2051 1719 2116 locant

428 2152 567 2218 ecclesias
588 2167 618 2215 et
646 2153 757 2217 fructus
785 2169 855 2216 ante
883 2168 1001 2237 tempus
1029 2152 1206 2216 debitum·
1233 2154 1318 2237 agri:
1347 2152 1478 2217 ecclesie.
1505 2188 1516 2200 ·
1543 2151 1593 2215 sul
1614 2158 1719 2237 tempus

428 2254 544 2315 orata:
567 2268 702 2336 tempore
730 2251 854 2315 ecclesie
882 2253 1041 2337 primitive.
1067 2254 1184 2329 -Quis
1206 2261 1315 2336 prope:
1343 2253 1417 2315 idest
1444 2252 1550 2337 quibus
1578 2250 1718 2336 prunibus

427 2352 598 2414 ardentibus
620 2354 682 2436 ipse
702 2353 864 2414 laurentius
886 2372 979 2435 prope
998 2367 1194 2434 consumptus
1217 2365 1278 2414 erat
1301 2367 1330 2414 et
1345 2351 1420 2415 latus
1441 2374 1528 2415 suum
1549 2352 1588 2415 ob
1609 2351 1717 2415 Christi

429 2450 518 2513 tidem
540 2452 629 2513 uertit
650 2451 686 2512 ad
708 2471 837 2534 prunas;
859 2453 907 2513 cui
930 2449 1077 2513 laurentio
1099 2450 1213 2536 Apollo,
1235 2452 1310 2514 idest
1338 2453 1473 2516 Christus
1503 2454 1617 2535 sapiens
1639 2454 1718 2514 Deus

428 2551 592 2627 dexteram,
613 2549 688 2612 idest
709 2551 834 2631 gratiam
856 2571 909 2612 sue
928 2551 1070 2634 potentie,
1086 2552 1216 2636 porrexit
1238 2567 1267 2613 et
1288 2551 1325 2613 ad
1348 2554 1590 2614 restaurationem
1612 2553 1720 2614 marti-

429 2652 461 2731 rij
486 2670 576 2733 regna
597 2648 717 2712 celestia
737 2649 921 2712 ostendebat
938 2653 1026 2714 Unde
1047 2653 1224 2713 Laurentius
1247 2651 1409 2735 intrepidus
1431 2653 1596 2714 manirium
1617 2672 1718 2734 passus

429 2765 474 2812 est
501 2764 531 2811 et
559 2749 695 2811 dicebat:
718 2750 805 2812 video
832 2750 913 2813 celos
942 2765 1060 2835 apertos
1089 2766 1119 2813 et
1146 2771 1258 2835 agnum
1280 2766 1407 2814 stantem
1436 2751 1582 2814 adestris
1604 2753 1719 2833 virtutis

429 2849 474 2931 dej
498 2849 513 2932 (
534 2851 559 2933 l·

429 3199 525 3241 sersus:
543 3186 655 3238 ursinus.
674 3216 683 3226 ·
700 3197 779 3254 aper:
796 3189 888 3239 domus
908 3188 1079 3240 tobaldorurn.
1100 3219 1109 3228 -
1128 3191 1245 3255 arigitis:
1256 3189 1335 3241 honio
1347 3207 1424 3258 sagax
1437 3199 1462 3241 et
1475 3200 1589 3259 argutus.
1601 3219 1611 3231 ·
1622 3192 1720 3247 leones:

429 3276 538 3328 nobiles.
559 3306 568 3316 ·
586 3292 680 3344 agros:
696 3278 818 3346 pupillos.
837 3308 846 3318 ·
864 3281 929 3330 litus
947 3288 1104 3347 utrumque:
1121 3280 1232 3332 calabrie
1251 3292 1276 3332 et
1295 3281 1445 3333 lombardie.

500 3365 546 3436 [V]
563 3382 658 3423 ursus:
675 3370 767 3420 doinus
786 3370 819 3420 de
837 3369 951 3421 Ursinis.
972 3400 981 3410 ·
999 3373 1179 3436 saeegeeineus:
1203 3372 1409 3439 sanguinolenta.
1437 3401 1445 3412 ·
1469 3382 1547 3439 aper:
1571 3373 1662 3425 domus
1687 3373 1719 3425 de

429 3458 564 3508 Columna.
582 3486 592 3497 ·
609 3460 724 3523 attgeris:
741 3460 834 3511 domus
853 3462 885 3511 de
904 3460 1108 3512 anibolensilsus.
1130 3470 1257 3515 ·cees!os:
1277 3461 1367 3512 hunus
1387 3461 1484 3514 tiberis.

500 3545 555 3616 [Cr]
573 3548 660 3602 Ense:
678 3565 735 3599 cum
754 3549 860 3601 iustit'a.
880 3579 889 3589 -
909 3552 1027 3617 laqueis:
1045 3550 1131 3602 iureis.
1151 3580 1161 3591 ·
1180 3554 1291 3607 avium:
1307 3568 1429 3620 sagorum
1442 3553 1584 3604 homiuum.
1603 3582 1613 3594 ·
1630 3555 1720 3620 Itepes:

429 3638 595 3689 desolatores
614 3640 732 3690 -domus
753 3640 916 3702 Ursinorum,
935 3641 1090 3709 Sanguineas,
1109 3643 1141 3693 de
1160 3643 1332 3710 Anguillaria,
1350 3645 1383 3694 de
1400 3643 1545 3704 comitibus,
1557 3646 1590 3696 de
1601 3644 1718 3712 prefectis

429 3729 462 3778 de
484 3728 556 3788 Vico,
574 3729 606 3781 de
624 3728 741 3781 Sabellis.

499 3816 572 3887 [CB]
589 3818 638 3870 Per
659 3820 793 3872 Mitionem
814 3819 930 3890 intellige
948 3822 1107 3874 Clementem
1127 3818 1226 3874 sextum
1247 3840 1381 3875 romanum
1399 3824 1554 3892 pontificem.

501 3910 540 3973 (ι)
558 3907 614 3978 [Cr]
632 3924 739 3967 nemias:
756 3919 838 3962 totum
857 3893 1091 3980 corpuchclesie,
1106 3914 1232 3964 Romane.
1258 3943 1267 3953 ·
1287 3916 1375 3980 yrcis:
1395 3916 1479 3981 pravis
1498 3926 1523 3966 et
1541 3916 1717 3969 luxuriosis.-

428 3999 509 4052 silee:
527 3984 583 4050 mee
602 4000 715 4051 ecclesie.
734 4030 743 4040 ·
762 4002 891 4068 luppitv:
911 4002 1020 4054 Cristus.
1042 4033 1050 4042 -
1069 4006 1200 4053 coniunx:
1220 4003 1283 4055 tides
1300 4004 1430 4055 cristiana.
1444 4034 1451 4044 ·
1459 4015 1565 4072 pyreus:
1577 4006 1603 4058 S.
1615 4007 1718 4059 Paulus.

427 4116 436 4126 ·
456 4089 593 4145 Phanias:
610 4088 636 4141 S.
655 4090 808 4160 Stephanus.
828 4122 838 4133 ·
853 4094 964 4160 ybems:
981 4092 1007 4146 S.
1026 4093 1190 4146 Laurentius.
1208 4123 1218 4133 -
1235 4096 1336 4160 apollo:
1353 4094 1446 4147 cristus
1460 4125 1469 4135 ·
1483 4098 1512 4147 in
1530 4098 1613 4152 altos:
1629 4096 1659 4148 in
1676 4114 1719 4165 pa·

427 4178 555 4236 redieram.
1070 4241 1073 4246 ,

501 4267 549 4340 [Μ]
567 4270 737 4339 Pamphylus:
756 4282 844 4340 petrus
862 4274 1003 4341 apostolus.
1023 4304 1033 4315 ·
1053 4275 1146 4327 dicitur
1164 4292 1179 4325 a
1195 4283 1249 4342 prm
1269 4277 1339 4343 quod
1351 4286 1389 4328 est
1403 4284 1480 4328 meum
1492 4286 1518 4329 et
1530 4278 1620 4345 phylor
1636 4295 1717 4334 anaor,

428 4358 503 4426 quasi
522 4369 590 4411 totus
608 4378 706 4412 amans.
725 4362 801 4414 blitio
819 4363 894 4430 quasi
913 4364 983 4415 mitis
1002 4374 1028 4415 et
1049 4365 1176 4427 flexibilis,
1189 4382 1234 4416 seu
1247 4366 1369 4417 delicatus
1382 4375 1408 4417 et
1422 4367 1598 4434 voluptuosus,
1615 4368 1649 4419 de
1666 4383 1718 4435 que

429 4450 553 4501 terentius
572 4449 600 4501 in
619 4451 744 4519 adelphis.
762 4482 772 4492 ·
786 4463 925 4519 pyreos.·a
946 4463 1007 4520 pyr,
1027 4457 1108 4521 ignis,
1128 4472 1174 4506 seu
1193 4455 1285 4523 paulus
1303 4457 1444 4523 apostolus,
1462 4466 1531 4509 totus
1550 4458 1667 4510 videlicet
1685 4458 1718 4508 ael

427 4540 504 4589 eleum
524 4549 549 4591 et
567 4540 638 4592 cristi
657 4543 752 4594 cultum
771 4560 893 4595 aecensus
912 4553 939 4595 et
957 4545 1051 4596 ardens
1070 4562 1158 4597 amore
1176 4546 1452 4615 contemplationeque.
1471 4577 1481 4588 ·
1497 4550 1631 4615 plaayas:
1643 4547 1717 4616 quasi

428 4630 584 4697 stephanyos
597 4632 666 4698 quod
679 4632 748 4700 greci
760 4633 859 4695 dicunt,
871 4644 899 4686 ut
911 4635 1008 4686 alludm
1022 4636 1078 4687 soci
1092 4637 1182 4688 saltem
1195 4638 1337 4688 seeundum
1355 4647 1453 4705 partem
1472 4638 1583 4691 finalem.
1597 4667 1607 4678 ·
1619 4640 1715 4690 leuda.

424 4736 473 4778 seu
494 4720 553 4789 ipsi,
571 4738 617 4773 seu
634 4722 695 4789 quia
713 4724 801 4775 laurus
820 4724 907 4776 uirens
925 4725 982 4787 suit,
1001 4743 1049 4779 nee
1065 4729 1133 4778 aruit
1153 4727 1180 4777 in
1200 4727 1267 4789 lide;
1284 4737 1311 4779 et
1328 4728 1419 4780 alludit
1437 4728 1545 4781 nomini.
