<?xml version="1.0" encoding="UTF-8"?>
<!DOCTYPE html PUBLIC "-//W3C//DTD XHTML 1.0 Transitional//EN"
    "http://www.w3.org/TR/xhtml1/DTD/xhtml1-transitional.dtd">
<html xmlns="http://www.w3.org/1999/xhtml" xml:lang="en" lang="en">
 <head>
  <title>
</title>
<meta http-equiv="Content-Type" content="text/html;charset=utf-8" />
  <meta name='ocr-system' content='tesseract 3.04.00' />
  <meta name='ocr-capabilities' content='ocr_page ocr_carea ocr_par ocr_line ocrx_word'/>
</head>
<body>
  <div class='ocr_page' id='page_1' title='image "./ilbucolicumcarm00avengoog_0090.png"; bbox 0 0 4125 5217; ppageno 0'>
   <div class='ocr_carea' id='block_1_1' title="bbox 904 361 1180 409">
    <p class='ocr_par' dir='ltr' id='par_1_1' title="bbox 904 361 1180 409">
     <span class='ocr_line' id='line_1_1' title="bbox 904 361 1180 409; baseline -0.011 -1"><span class='ocrx_word' id='word_1_1' title='bbox 904 361 1053 409; x_wconf 72' lang='lat' dir='ltr'>ANToxto</span> <span class='ocrx_word' id='word_1_2' title='bbox 1078 362 1180 407; x_wconf 55' lang='lat' dir='ltr'>Avari</span> 
     </span>
    </p>
   </div>
   <div class='ocr_carea' id='block_1_2' title="bbox 1001 742 1109 833">
    <p class='ocr_par' dir='ltr' id='par_1_2' title="bbox 1001 742 1109 833">
     <span class='ocr_line' id='line_1_2' title="bbox 1001 742 1109 833; baseline 0 -22"><span class='ocrx_word' id='word_1_3' title='bbox 1001 742 1070 833; x_wconf 76' lang='lat' dir='ltr'>Egi.</span> <span class='ocrx_word' id='word_1_4' title='bbox 1094 742 1109 811; x_wconf 86' lang='grc' dir='ltr'>Ι</span> 
     </span>
    </p>
   </div>
   <div class='ocr_carea' id='block_1_3' title="bbox 566 976 1415 1097">
    <p class='ocr_par' dir='ltr' id='par_1_3' title="bbox 566 976 1415 1097">
     <span class='ocr_line' id='line_1_3' title="bbox 566 976 1415 1097; baseline -0.009 -44"><span class='ocrx_word' id='word_1_5' title='bbox 566 982 651 1053; x_wconf 87' lang='lat' dir='ltr'>Cod.</span> <span class='ocrx_word' id='word_1_6' title='bbox 675 983 833 1052; x_wconf 74' lang='lat' dir='ltr'>Vaticano</span> <span class='ocrx_word' id='word_1_7' title='bbox 915 1015 920 1026; x_wconf 92' lang='lat'><strong>·</strong></span> <span class='ocrx_word' id='word_1_8' title='bbox 1050 980 1055 1097; x_wconf 66' lang='grc' dir='ltr'>ἰ</span> <span class='ocrx_word' id='word_1_9' title='bbox 1391 976 1415 1045; x_wconf 88' lang='grc' dir='ltr'><strong>Β</strong></span> 
     </span>
    </p>
   </div>
   <div class='ocr_carea' id='block_1_4' title="bbox 359 1106 1728 2340">
    <p class='ocr_par' dir='ltr' id='par_1_4' title="bbox 404 1106 1728 1359">
     <span class='ocr_line' id='line_1_4' title="bbox 438 1106 1728 1173; baseline -0.006 -8"><span class='ocrx_word' id='word_1_10' title='bbox 438 1131 464 1165; x_wconf 82' lang='grc' dir='ltr'>ν.</span> <span class='ocrx_word' id='word_1_11' title='bbox 478 1126 510 1164; x_wconf 86' lang='grc' dir='ltr'>ιο</span> <span class='ocrx_word' id='word_1_12' title='bbox 521 1114 671 1165; x_wconf 63' lang='lat' dir='ltr'>Musecros:</span> <span class='ocrx_word' id='word_1_13' title='bbox 692 1111 796 1161; x_wconf 63' lang='lat' dir='ltr'>Murcus</span> <span class='ocrx_word' id='word_1_14' title='bbox 815 1119 854 1161; x_wconf 82' lang='lat' dir='ltr'>est</span> <span class='ocrx_word' id='word_1_15' title='bbox 867 1109 1002 1161; x_wconf 76' lang='lat' dir='ltr'>herberie·</span> <span class='ocrx_word' id='word_1_16' title='bbox 1051 1131 1054 1143; x_wconf 92' lang='lat'>·</span> <span class='ocrx_word' id='word_1_17' title='bbox 1143 1107 1246 1158; x_wconf 76' lang='lat' dir='ltr'>Murcus</span> <span class='ocrx_word' id='word_1_18' title='bbox 1263 1115 1303 1158; x_wconf 76' lang='lat' dir='ltr'>eet</span> <span class='ocrx_word' id='word_1_19' title='bbox 1322 1106 1401 1158; x_wconf 79' lang='lat' dir='ltr'>herbe</span> <span class='ocrx_word' id='word_1_20' title='bbox 1419 1123 1526 1157; x_wconf 57' lang='lat' dir='ltr'>nascens</span> <span class='ocrx_word' id='word_1_21' title='bbox 1545 1106 1695 1173; x_wconf 75' lang='lat' dir='ltr'>inlepidum</span> <span class='ocrx_word' id='word_1_22' title='bbox 1721 1148 1728 1157; x_wconf 92' lang='lat'><strong>.</strong></span> 
     </span>
     <span class='ocr_line' id='line_1_5' title="bbox 404 1182 1696 1269; baseline -0.004 -14"><span class='ocrx_word' id='word_1_23' title='bbox 404 1221 478 1257; x_wconf 68' lang='lat' dir='ltr'>scens</span> <span class='ocrx_word' id='word_1_24' title='bbox 496 1203 525 1254; x_wconf 84' lang='lat' dir='ltr'>in</span> <span class='ocrx_word' id='word_1_25' title='bbox 544 1202 660 1269; x_wconf 81' lang='lat' dir='ltr'>lepidum</span> <span class='ocrx_word' id='word_1_26' title='bbox 689 1199 823 1268; x_wconf 73' lang='lat' dir='ltr'>superficie</span> <span class='ocrx_word' id='word_1_27' title='bbox 841 1210 867 1252; x_wconf 91' lang='lat' dir='ltr'>et</span> <span class='ocrx_word' id='word_1_28' title='bbox 892 1211 1002 1259; x_wconf 75' lang='lat' dir='ltr'>montes,</span> <span class='ocrx_word' id='word_1_29' title='bbox 1052 1182 1053 1186; x_wconf 11' lang='grc' dir='ltr'><strong>Ἰ</strong></span> <span class='ocrx_word' id='word_1_30' title='bbox 1106 1198 1239 1264; x_wconf 75' lang='lat' dir='ltr'>superficie</span> <span class='ocrx_word' id='word_1_31' title='bbox 1256 1208 1283 1250; x_wconf 89' lang='lat' dir='ltr'>et</span> <span class='ocrx_word' id='word_1_32' title='bbox 1301 1198 1396 1250; x_wconf 73' lang='lat' dir='ltr'>montis</span> <span class='ocrx_word' id='word_1_33' title='bbox 1417 1199 1543 1265; x_wconf 74' lang='lat' dir='ltr'>lapidosi:</span> <span class='ocrx_word' id='word_1_34' title='bbox 1562 1200 1624 1249; x_wconf 81' lang='lat' dir='ltr'>dum</span> <span class='ocrx_word' id='word_1_35' title='bbox 1643 1213 1696 1250; x_wconf 81' lang='lat' dir='ltr'>non</span> 
     </span>
     <span class='ocr_line' id='line_1_6' title="bbox 406 1289 1695 1359; baseline -0.005 -13"><span class='ocrx_word' id='word_1_36' title='bbox 406 1297 469 1347; x_wconf 82' lang='lat' dir='ltr'>dum</span> <span class='ocrx_word' id='word_1_37' title='bbox 488 1309 543 1345; x_wconf 80' lang='lat' dir='ltr'>non</span> <span class='ocrx_word' id='word_1_38' title='bbox 562 1292 614 1344; x_wconf 87' lang='lat' dir='ltr'>itur</span> <span class='ocrx_word' id='word_1_39' title='bbox 634 1309 680 1359; x_wconf 84' lang='lat' dir='ltr'>per</span> <span class='ocrx_word' id='word_1_40' title='bbox 697 1307 753 1343; x_wconf 81' lang='lat' dir='ltr'>eor.</span> <span class='ocrx_word' id='word_1_41' title='bbox 1052 1289 1055 1352; x_wconf 64' lang='grc' dir='ltr'><strong>ᾗ</strong></span> <span class='ocrx_word' id='word_1_42' title='bbox 1105 1290 1239 1350; x_wconf 67' lang='lat' dir='ltr'>adeuntur,</span> <span class='ocrx_word' id='word_1_43' title='bbox 1248 1299 1372 1356; x_wconf 74' lang='lat' dir='ltr'>generent</span> <span class='ocrx_word' id='word_1_44' title='bbox 1391 1289 1467 1340; x_wconf 80' lang='lat' dir='ltr'>telem</span> <span class='ocrx_word' id='word_1_45' title='bbox 1482 1289 1613 1345; x_wconf 66' lang='lat' dir='ltr'>hertam...</span> <span class='ocrx_word' id='word_1_46' title='bbox 1625 1290 1695 1357; x_wconf 68' lang='lat' dir='ltr'>cogit</span> 
     </span>
    </p>

    <p class='ocr_par' dir='ltr' id='par_1_5' title="bbox 405 1376 1695 1541">
     <span class='ocr_line' id='line_1_7' title="bbox 441 1376 1695 1449; baseline -0.003 -14"><span class='ocrx_word' id='word_1_47' title='bbox 441 1401 466 1437; x_wconf 85' lang='lat' dir='ltr'>v.</span> <span class='ocrx_word' id='word_1_48' title='bbox 485 1394 501 1447; x_wconf 81' lang='grc'><strong><em>7</em></strong></span> <span class='ocrx_word' id='word_1_49' title='bbox 519 1382 615 1434; x_wconf 74' lang='lat' dir='ltr'>deria:</span> <span class='ocrx_word' id='word_1_50' title='bbox 634 1399 681 1449; x_wconf 83' lang='lat' dir='ltr'>per</span> <span class='ocrx_word' id='word_1_51' title='bbox 700 1380 820 1434; x_wconf 73' lang='lat' dir='ltr'>scientias</span> <span class='ocrx_word' id='word_1_52' title='bbox 845 1382 940 1448; x_wconf 73' lang='lat' dir='ltr'>quibus</span> <span class='ocrx_word' id='word_1_53' title='bbox 958 1380 1001 1432; x_wconf 87' lang='lat' dir='ltr'>de·</span> <span class='ocrx_word' id='word_1_54' title='bbox 1052 1376 1054 1398; x_wconf 83' lang='lat'><em>³</em></span> <span class='ocrx_word' id='word_1_55' title='bbox 1106 1379 1193 1446; x_wconf 67' lang='lat' dir='ltr'>vagari</span> <span class='ocrx_word' id='word_1_56' title='bbox 1212 1396 1257 1446; x_wconf 84' lang='lat' dir='ltr'>per</span> <span class='ocrx_word' id='word_1_57' title='bbox 1274 1378 1337 1429; x_wconf 70' lang='lat' dir='ltr'>istae</span> <span class='ocrx_word' id='word_1_58' title='bbox 1356 1379 1475 1431; x_wconf 64' lang='lat' dir='ltr'>scientim</span> <span class='ocrx_word' id='word_1_59' title='bbox 1493 1396 1544 1446; x_wconf 87' lang='lat' dir='ltr'>que</span> <span class='ocrx_word' id='word_1_60' title='bbox 1559 1381 1695 1431; x_wconf 75' lang='lat' dir='ltr'>extrahunt</span> 
     </span>
     <span class='ocr_line' id='line_1_8' title="bbox 405 1469 1694 1541; baseline -0.002 -17"><span class='ocrx_word' id='word_1_61' title='bbox 405 1474 461 1526; x_wconf 77' lang='lat' dir='ltr'>vies</span> <span class='ocrx_word' id='word_1_62' title='bbox 480 1489 497 1524; x_wconf 84' lang='grc' dir='ltr'>ι</span> <span class='ocrx_word' id='word_1_63' title='bbox 515 1471 614 1541; x_wconf 84' lang='lat' dir='ltr'>requie.</span> <span class='ocrx_word' id='word_1_64' title='bbox 1051 1487 1054 1534; x_wconf 82' lang='grc'>;</span> <span class='ocrx_word' id='word_1_65' title='bbox 1107 1480 1131 1521; x_wconf 93' lang='lat' dir='ltr'>te</span> <span class='ocrx_word' id='word_1_66' title='bbox 1149 1487 1165 1521; x_wconf 81' lang='lat' dir='ltr'>e</span> <span class='ocrx_word' id='word_1_67' title='bbox 1183 1469 1296 1537; x_wconf 81' lang='lat' dir='ltr'>requie...</span> <span class='ocrx_word' id='word_1_68' title='bbox 1310 1469 1412 1521; x_wconf 74' lang='lat' dir='ltr'>Domini</span> <span class='ocrx_word' id='word_1_69' title='bbox 1433 1481 1563 1537; x_wconf 70' lang='lat' dir='ltr'>magnates</span> <span class='ocrx_word' id='word_1_70' title='bbox 1586 1487 1637 1522; x_wconf 86' lang='lat' dir='ltr'>norr</span> <span class='ocrx_word' id='word_1_71' title='bbox 1655 1487 1694 1522; x_wconf 88' lang='lat' dir='ltr'>ee·</span> 
     </span>
    </p>

    <p class='ocr_par' dir='ltr' id='par_1_6' title="bbox 359 1559 1701 2173">
     <span class='ocr_line' id='line_1_9' title="bbox 441 1559 1697 1630; baseline -0.002 -16"><span class='ocrx_word' id='word_1_72' title='bbox 441 1580 466 1617; x_wconf 80' lang='lat' dir='ltr'>r.</span> <span class='ocrx_word' id='word_1_73' title='bbox 486 1576 520 1630; x_wconf 77' lang='lat'>32</span> <span class='ocrx_word' id='word_1_74' title='bbox 540 1570 655 1614; x_wconf 74' lang='lat' dir='ltr'>montes:</span> <span class='ocrx_word' id='word_1_75' title='bbox 674 1562 773 1614; x_wconf 84' lang='lat' dir='ltr'>domini</span> <span class='ocrx_word' id='word_1_76' title='bbox 784 1572 912 1629; x_wconf 80' lang='lat' dir='ltr'>potentes.</span> <span class='ocrx_word' id='word_1_77' title='bbox 926 1590 935 1601; x_wconf 92' lang='lat'><strong>·</strong></span> <span class='ocrx_word' id='word_1_78' title='bbox 947 1562 1004 1628; x_wconf 71' lang='lat' dir='ltr'>Ego</span> <span class='ocrx_word' id='word_1_79' title='bbox 1106 1568 1198 1627; x_wconf 80' lang='lat' dir='ltr'>petunt</span> <span class='ocrx_word' id='word_1_80' title='bbox 1209 1577 1318 1613; x_wconf 86' lang='lat' dir='ltr'>currere.</span> <span class='ocrx_word' id='word_1_81' title='bbox 1331 1559 1350 1611; x_wconf 85' lang='lat' dir='ltr'>i.</span> <span class='ocrx_word' id='word_1_82' title='bbox 1362 1560 1460 1612; x_wconf 82' lang='lat' dir='ltr'>discere</span> <span class='ocrx_word' id='word_1_83' title='bbox 1472 1578 1487 1610; x_wconf 82' lang='grc' dir='ltr'>ι</span> <span class='ocrx_word' id='word_1_84' title='bbox 1500 1577 1550 1620; x_wconf 84' lang='lat' dir='ltr'>me.</span> <span class='ocrx_word' id='word_1_85' title='bbox 1560 1578 1608 1628; x_wconf 75' lang='lat' dir='ltr'>ego</span> <span class='ocrx_word' id='word_1_86' title='bbox 1625 1560 1697 1627; x_wconf 83' lang='lat' dir='ltr'>coepi</span> 
     </span>
     <span class='ocr_line' id='line_1_10' title="bbox 406 1651 1696 1720; baseline -0.004 -13"><span class='ocrx_word' id='word_1_87' title='bbox 406 1651 480 1708; x_wconf 72' lang='lat' dir='ltr'>soleo</span> <span class='ocrx_word' id='word_1_88' title='bbox 499 1654 587 1706; x_wconf 80' lang='lat' dir='ltr'>venire</span> <span class='ocrx_word' id='word_1_89' title='bbox 606 1671 622 1705; x_wconf 80' lang='grc' dir='ltr'>ι</span> <span class='ocrx_word' id='word_1_90' title='bbox 641 1653 771 1704; x_wconf 80' lang='lat' dir='ltr'>montibus</span> <span class='ocrx_word' id='word_1_91' title='bbox 790 1654 823 1704; x_wconf 84' lang='lat' dir='ltr'>ed</span> <span class='ocrx_word' id='word_1_92' title='bbox 851 1652 1002 1720; x_wconf 72' lang='lat' dir='ltr'>planitiem:</span> <span class='ocrx_word' id='word_1_93' title='bbox 1108 1667 1195 1701; x_wconf 75' lang='lat' dir='ltr'>verare</span> <span class='ocrx_word' id='word_1_94' title='bbox 1206 1652 1268 1712; x_wconf 78' lang='lat' dir='ltr'>(ric)</span> <span class='ocrx_word' id='word_1_95' title='bbox 1287 1668 1302 1701; x_wconf 78' lang='lat' dir='ltr'>a</span> <span class='ocrx_word' id='word_1_96' title='bbox 1322 1651 1449 1701; x_wconf 73' lang='lat' dir='ltr'>montibus</span> <span class='ocrx_word' id='word_1_97' title='bbox 1468 1652 1501 1702; x_wconf 82' lang='lat' dir='ltr'>ad</span> <span class='ocrx_word' id='word_1_98' title='bbox 1519 1651 1651 1717; x_wconf 81' lang='lat' dir='ltr'>planitiem</span> <span class='ocrx_word' id='word_1_99' title='bbox 1670 1665 1696 1702; x_wconf 84' lang='lat' dir='ltr'>et</span> 
     </span>
     <span class='ocr_line' id='line_1_11' title="bbox 406 1740 1699 1813; baseline -0.004 -16"><span class='ocrx_word' id='word_1_100' title='bbox 406 1745 535 1813; x_wconf 70' lang='lat' dir='ltr'>elegoriee</span> <span class='ocrx_word' id='word_1_101' title='bbox 552 1743 651 1795; x_wconf 83' lang='lat' dir='ltr'>dictum</span> <span class='ocrx_word' id='word_1_102' title='bbox 664 1755 712 1804; x_wconf 80' lang='lat' dir='ltr'>est,</span> <span class='ocrx_word' id='word_1_103' title='bbox 721 1744 782 1811; x_wconf 80' lang='lat' dir='ltr'>quie</span> <span class='ocrx_word' id='word_1_104' title='bbox 795 1743 936 1809; x_wconf 77' lang='lat' dir='ltr'>atiquerrdo</span> <span class='ocrx_word' id='word_1_105' title='bbox 948 1742 1004 1808; x_wconf 82' lang='lat' dir='ltr'>cepi</span> <span class='ocrx_word' id='word_1_106' title='bbox 1107 1740 1244 1808; x_wconf 73' lang='lat' dir='ltr'>aliquando</span> <span class='ocrx_word' id='word_1_107' title='bbox 1262 1758 1276 1793; x_wconf 86' lang='lat' dir='ltr'>e</span> <span class='ocrx_word' id='word_1_108' title='bbox 1294 1757 1418 1792; x_wconf 74' lang='lat' dir='ltr'>oerrverso</span> <span class='ocrx_word' id='word_1_109' title='bbox 1437 1740 1529 1798; x_wconf 73' lang='lat' dir='ltr'>redire.</span> <span class='ocrx_word' id='word_1_110' title='bbox 1548 1741 1699 1809; x_wconf 69' lang='lat' dir='ltr'>Atlegoriee,</span> 
     </span>
     <span class='ocr_line' id='line_1_12' title="bbox 407 1822 1700 1902; baseline -0.004 -14"><span class='ocrx_word' id='word_1_111' title='bbox 407 1836 446 1888; x_wconf 87' lang='lat' dir='ltr'>ire</span> <span class='ocrx_word' id='word_1_112' title='bbox 464 1834 613 1887; x_wconf 72' lang='lat' dir='ltr'>avinionem</span> <span class='ocrx_word' id='word_1_113' title='bbox 632 1845 658 1886; x_wconf 88' lang='lat' dir='ltr'>et</span> <span class='ocrx_word' id='word_1_114' title='bbox 676 1847 778 1902; x_wconf 79' lang='lat' dir='ltr'>captare</span> <span class='ocrx_word' id='word_1_115' title='bbox 804 1833 1004 1885; x_wconf 74' lang='lat' dir='ltr'>benivolentiam</span> <span class='ocrx_word' id='word_1_116' title='bbox 1052 1822 1055 1872; x_wconf 73' lang='lat' dir='ltr'>l</span> <span class='ocrx_word' id='word_1_117' title='bbox 1107 1832 1168 1898; x_wconf 75' lang='lat' dir='ltr'>quia</span> <span class='ocrx_word' id='word_1_118' title='bbox 1185 1831 1322 1899; x_wconf 75' lang='lat' dir='ltr'>aliquando</span> <span class='ocrx_word' id='word_1_119' title='bbox 1339 1831 1412 1899; x_wconf 76' lang='lat' dir='ltr'>coepi</span> <span class='ocrx_word' id='word_1_120' title='bbox 1440 1831 1478 1883; x_wconf 88' lang='lat' dir='ltr'>ire</span> <span class='ocrx_word' id='word_1_121' title='bbox 1511 1822 1656 1883; x_wconf 76' lang='lat' dir='ltr'>avinioneni</span> <span class='ocrx_word' id='word_1_122' title='bbox 1675 1843 1700 1883; x_wconf 85' lang='lat' dir='ltr'>et</span> 
     </span>
     <span class='ocr_line' id='line_1_13' title="bbox 407 1897 1700 2002; baseline -0.003 -25"><span class='ocrx_word' id='word_1_123' title='bbox 407 1942 467 1978; x_wconf 79' lang='lat' dir='ltr'>eum</span> <span class='ocrx_word' id='word_1_124' title='bbox 485 1940 553 1993; x_wconf 78' lang='lat' dir='ltr'>pepe</span> <span class='ocrx_word' id='word_1_125' title='bbox 571 1933 598 1977; x_wconf 87' lang='lat' dir='ltr'>et</span> <span class='ocrx_word' id='word_1_126' title='bbox 615 1923 797 1976; x_wconf 68' lang='lat' dir='ltr'>cardinalibus.</span> <span class='ocrx_word' id='word_1_127' title='bbox 810 1924 875 1975; x_wconf 88' lang='lat' dir='ltr'>Item</span> <span class='ocrx_word' id='word_1_128' title='bbox 888 1922 1005 1974; x_wconf 77' lang='lat' dir='ltr'>estelius</span> <span class='ocrx_word' id='word_1_129' title='bbox 1052 1897 1056 2002; x_wconf 66' lang='grc' dir='ltr'>Ι</span> <span class='ocrx_word' id='word_1_130' title='bbox 1108 1930 1210 1989; x_wconf 70' lang='lat' dir='ltr'>mpure</span> <span class='ocrx_word' id='word_1_131' title='bbox 1228 1922 1425 1974; x_wconf 74' lang='lat' dir='ltr'>benivolentiam</span> <span class='ocrx_word' id='word_1_132' title='bbox 1450 1938 1551 1989; x_wconf 77' lang='lat' dir='ltr'>epepe</span> <span class='ocrx_word' id='word_1_133' title='bbox 1577 1931 1605 1975; x_wconf 86' lang='lat' dir='ltr'>et</span> <span class='ocrx_word' id='word_1_134' title='bbox 1621 1923 1700 1973; x_wconf 74' lang='lat' dir='ltr'>cudi·</span> 
     </span>
     <span class='ocr_line' id='line_1_14' title="bbox 359 2012 1701 2082; baseline -0.002 -15"><span class='ocrx_word' id='word_1_135' title='bbox 359 2015 364 2023; x_wconf 82' lang='lat'><em>&#39;</em></span> <span class='ocrx_word' id='word_1_136' title='bbox 408 2014 554 2075; x_wconf 76' lang='lat' dir='ltr'>inteleetus‚</span> <span class='ocrx_word' id='word_1_137' title='bbox 573 2014 635 2082; x_wconf 79' lang='lat' dir='ltr'>quie</span> <span class='ocrx_word' id='word_1_138' title='bbox 653 2014 710 2081; x_wconf 77' lang='lat' dir='ltr'>cept</span> <span class='ocrx_word' id='word_1_139' title='bbox 728 2014 816 2065; x_wconf 84' lang='lat' dir='ltr'>venire</span> <span class='ocrx_word' id='word_1_140' title='bbox 841 2014 874 2064; x_wconf 86' lang='lat' dir='ltr'>de</span> <span class='ocrx_word' id='word_1_141' title='bbox 892 2012 1005 2064; x_wconf 77' lang='lat' dir='ltr'>theorica</span> <span class='ocrx_word' id='word_1_142' title='bbox 1110 2012 1210 2064; x_wconf 67' lang='lat' dir='ltr'>nulibus</span> <span class='ocrx_word' id='word_1_143' title='bbox 1228 2022 1254 2065; x_wconf 90' lang='lat' dir='ltr'>et</span> <span class='ocrx_word' id='word_1_144' title='bbox 1272 2029 1341 2065; x_wconf 86' lang='lat' dir='ltr'>nune</span> <span class='ocrx_word' id='word_1_145' title='bbox 1359 2013 1451 2065; x_wconf 80' lang='lat' dir='ltr'>reverti</span> <span class='ocrx_word' id='word_1_146' title='bbox 1471 2013 1594 2073; x_wconf 68' lang='lat' dir='ltr'>domum</span> <span class='ocrx_word' id='word_1_147' title='bbox 1612 2023 1639 2065; x_wconf 92' lang='lat' dir='ltr'>et</span> <span class='ocrx_word' id='word_1_148' title='bbox 1660 2023 1701 2066; x_wconf 82' lang='lat' dir='ltr'>est</span> 
     </span>
     <span class='ocr_line' id='line_1_15' title="bbox 409 2100 1701 2173; baseline -0.002 -16"><span class='ocrx_word' id='word_1_149' title='bbox 409 2106 443 2157; x_wconf 82' lang='lat' dir='ltr'>ed</span> <span class='ocrx_word' id='word_1_150' title='bbox 462 2104 598 2173; x_wconf 71' lang='lat' dir='ltr'>pretium.</span> <span class='ocrx_word' id='word_1_151' title='bbox 1110 2100 1262 2163; x_wconf 73' lang='lat' dir='ltr'>intellectus,</span> <span class='ocrx_word' id='word_1_152' title='bbox 1280 2102 1340 2171; x_wconf 78' lang='lat' dir='ltr'>quie</span> <span class='ocrx_word' id='word_1_153' title='bbox 1357 2103 1430 2170; x_wconf 75' lang='lat' dir='ltr'>coepi</span> <span class='ocrx_word' id='word_1_154' title='bbox 1443 2103 1530 2156; x_wconf 82' lang='lat' dir='ltr'>venire</span> <span class='ocrx_word' id='word_1_155' title='bbox 1542 2104 1576 2155; x_wconf 89' lang='lat' dir='ltr'>de</span> <span class='ocrx_word' id='word_1_156' title='bbox 1588 2103 1701 2156; x_wconf 72' lang='lat' dir='ltr'>theorice</span> 
     </span>
    </p>

    <p class='ocr_par' dir='ltr' id='par_1_7' title="bbox 1107 2191 1699 2340">
     <span class='ocr_line' id='line_1_16' title="bbox 1110 2191 1699 2261; baseline -0.002 -16"><span class='ocrx_word' id='word_1_157' title='bbox 1110 2191 1144 2245; x_wconf 82' lang='lat' dir='ltr'>ed</span> <span class='ocrx_word' id='word_1_158' title='bbox 1161 2192 1283 2261; x_wconf 69' lang='lat' dir='ltr'>pretium</span> <span class='ocrx_word' id='word_1_159' title='bbox 1301 2204 1326 2246; x_wconf 92' lang='lat' dir='ltr'>et</span> <span class='ocrx_word' id='word_1_160' title='bbox 1344 2194 1508 2261; x_wconf 79' lang='lat' dir='ltr'>postmodum</span> <span class='ocrx_word' id='word_1_161' title='bbox 1526 2210 1542 2244; x_wconf 77' lang='lat' dir='ltr'>e</span> <span class='ocrx_word' id='word_1_162' title='bbox 1561 2194 1656 2261; x_wconf 71' lang='lat' dir='ltr'>pretim</span> <span class='ocrx_word' id='word_1_163' title='bbox 1666 2195 1699 2244; x_wconf 73' lang='lat' dir='ltr'>ed</span> 
     </span>
     <span class='ocr_line' id='line_1_17' title="bbox 1107 2282 1255 2340; baseline 0.034 -5"><span class='ocrx_word' id='word_1_164' title='bbox 1107 2282 1255 2340; x_wconf 62' lang='lat' dir='ltr'>theoricum</span> 
     </span>
    </p>
   </div>
   <div class='ocr_carea' id='block_1_5' title="bbox 411 2496 1720 3673">
    <p class='ocr_par' dir='ltr' id='par_1_8' title="bbox 411 2496 1720 3673">
     <span class='ocr_line' id='line_1_18' title="bbox 500 2496 1698 2592; baseline 0.001 -24"><span class='ocrx_word' id='word_1_165' title='bbox 500 2499 580 2569; x_wconf 85' lang='lat' dir='ltr'>Non</span> <span class='ocrx_word' id='word_1_166' title='bbox 604 2500 650 2566; x_wconf 89' lang='lat' dir='ltr'>mi</span> <span class='ocrx_word' id='word_1_167' title='bbox 673 2496 807 2587; x_wconf 84' lang='lat' dir='ltr'>diiungo</span> <span class='ocrx_word' id='word_1_168' title='bbox 831 2499 864 2566; x_wconf 89' lang='lat' dir='ltr'>in</span> <span class='ocrx_word' id='word_1_169' title='bbox 888 2519 1001 2589; x_wconf 88' lang='lat' dir='ltr'>troppe</span> <span class='ocrx_word' id='word_1_170' title='bbox 1025 2500 1172 2567; x_wconf 83' lang='lat' dir='ltr'>citazioni</span> <span class='ocrx_word' id='word_1_171' title='bbox 1195 2523 1212 2566; x_wconf 89' lang='lat' dir='ltr'>e</span> <span class='ocrx_word' id='word_1_172' title='bbox 1237 2497 1318 2568; x_wconf 85' lang='lat' dir='ltr'>facili</span> <span class='ocrx_word' id='word_1_173' title='bbox 1343 2498 1496 2583; x_wconf 81' lang='lat' dir='ltr'>rafirorrti,</span> <span class='ocrx_word' id='word_1_174' title='bbox 1528 2500 1643 2592; x_wconf 72' lang='lat' dir='ltr'>perciti</span> <span class='ocrx_word' id='word_1_175' title='bbox 1679 2500 1698 2569; x_wconf 89' lang='lat' dir='ltr'>il</span> 
     </span>
     <span class='ocr_line' id='line_1_19' title="bbox 411 2606 1699 2678; baseline 0.002 -3"><span class='ocrx_word' id='word_1_176' title='bbox 411 2606 522 2676; x_wconf 84' lang='lat' dir='ltr'>codice</span> <span class='ocrx_word' id='word_1_177' title='bbox 547 2630 615 2675; x_wconf 89' lang='lat' dir='ltr'>non</span> <span class='ocrx_word' id='word_1_178' title='bbox 639 2611 656 2674; x_wconf 76' lang='lat' dir='ltr'>i·</span> <span class='ocrx_word' id='word_1_179' title='bbox 681 2608 748 2674; x_wconf 85' lang='lat' dir='ltr'>cosi</span> <span class='ocrx_word' id='word_1_180' title='bbox 773 2609 857 2674; x_wconf 85' lang='lat' dir='ltr'>ricco</span> <span class='ocrx_word' id='word_1_181' title='bbox 881 2606 914 2675; x_wconf 89' lang='lat' dir='ltr'>di</span> <span class='ocrx_word' id='word_1_182' title='bbox 945 2628 1021 2675; x_wconf 88' lang='lat' dir='ltr'>note</span> <span class='ocrx_word' id='word_1_183' title='bbox 1056 2606 1095 2675; x_wconf 81' lang='lat' dir='ltr'>da</span> <span class='ocrx_word' id='word_1_184' title='bbox 1130 2609 1274 2676; x_wconf 81' lang='lat' dir='ltr'>meritare</span> <span class='ocrx_word' id='word_1_185' title='bbox 1308 2608 1473 2677; x_wconf 78' lang='lat' dir='ltr'>sovercliia</span> <span class='ocrx_word' id='word_1_186' title='bbox 1509 2611 1699 2678; x_wconf 81' lang='lat' dir='ltr'>attenzione.</span> 
     </span>
     <span class='ocr_line' id='line_1_20' title="bbox 411 2716 1700 2809; baseline 0.003 -23"><span class='ocrx_word' id='word_1_187' title='bbox 411 2718 450 2787; x_wconf 70' lang='lat' dir='ltr'>,tl</span> <span class='ocrx_word' id='word_1_188' title='bbox 476 2720 543 2786; x_wconf 86' lang='lat' dir='ltr'>mio</span> <span class='ocrx_word' id='word_1_189' title='bbox 568 2720 736 2808; x_wconf 87' lang='lat' dir='ltr'>proposito</span> <span class='ocrx_word' id='word_1_190' title='bbox 761 2716 848 2785; x_wconf 84' lang='lat' dir='ltr'>basta</span> <span class='ocrx_word' id='word_1_191' title='bbox 872 2739 992 2807; x_wconf 84' lang='lat' dir='ltr'>quanto</span> <span class='ocrx_word' id='word_1_192' title='bbox 1017 2720 1110 2802; x_wconf 86' lang='lat' dir='ltr'>citai;</span> <span class='ocrx_word' id='word_1_193' title='bbox 1134 2717 1249 2809; x_wconf 77' lang='lat' dir='ltr'>peschi·</span> <span class='ocrx_word' id='word_1_194' title='bbox 1284 2743 1367 2803; x_wconf 89' lang='lat' dir='ltr'>esso,</span> <span class='ocrx_word' id='word_1_195' title='bbox 1392 2720 1512 2789; x_wconf 80' lang='lat' dir='ltr'>oltrea</span> <span class='ocrx_word' id='word_1_196' title='bbox 1547 2741 1700 2796; x_wconf 83' lang='lat' dir='ltr'>mostrare</span> 
     </span>
     <span class='ocr_line' id='line_1_21' title="bbox 412 2825 1720 2918; baseline 0.002 -23"><span class='ocrx_word' id='word_1_197' title='bbox 412 2828 629 2895; x_wconf 79' lang='lat' dir='ltr'>chiaramente</span> <span class='ocrx_word' id='word_1_198' title='bbox 653 2826 792 2894; x_wconf 82' lang='lat' dir='ltr'>d&#39;essere</span> <span class='ocrx_word' id='word_1_199' title='bbox 815 2846 898 2895; x_wconf 81' lang='lat' dir='ltr'>stato</span> <span class='ocrx_word' id='word_1_200' title='bbox 922 2828 1049 2916; x_wconf 79' lang='lat' dir='ltr'>copiato</span> <span class='ocrx_word' id='word_1_201' title='bbox 1073 2826 1111 2895; x_wconf 81' lang='lat' dir='ltr'>da</span> <span class='ocrx_word' id='word_1_202' title='bbox 1128 2828 1162 2909; x_wconf 90' lang='lat' dir='ltr'>B,</span> <span class='ocrx_word' id='word_1_203' title='bbox 1180 2825 1438 2918; x_wconf 84' lang='lat' dir='ltr'>implicitamente</span> <span class='ocrx_word' id='word_1_204' title='bbox 1462 2827 1577 2898; x_wconf 79' lang='lat' dir='ltr'>risolre</span> <span class='ocrx_word' id='word_1_205' title='bbox 1594 2829 1720 2898; x_wconf 81' lang='lat' dir='ltr'>l&#39;obie·-</span> 
     </span>
     <span class='ocr_line' id='line_1_22' title="bbox 412 2931 1702 3024; baseline 0.003 -23"><span class='ocrx_word' id='word_1_206' title='bbox 412 2937 507 3002; x_wconf 87' lang='lat' dir='ltr'>zione</span> <span class='ocrx_word' id='word_1_207' title='bbox 531 2933 591 3002; x_wconf 87' lang='lat' dir='ltr'>che</span> <span class='ocrx_word' id='word_1_208' title='bbox 616 2931 769 3024; x_wconf 90' lang='lat' dir='ltr'>potrebbe</span> <span class='ocrx_word' id='word_1_209' title='bbox 793 2957 922 3024; x_wconf 85' lang='lat' dir='ltr'>sorgere</span> <span class='ocrx_word' id='word_1_210' title='bbox 946 2936 979 3002; x_wconf 88' lang='lat' dir='ltr'>in</span> <span class='ocrx_word' id='word_1_211' title='bbox 1003 2933 1127 3018; x_wconf 83' lang='lat' dir='ltr'>alcun0,</span> <span class='ocrx_word' id='word_1_212' title='bbox 1152 2934 1209 3003; x_wconf 85' lang='lat' dir='ltr'>che</span> <span class='ocrx_word' id='word_1_213' title='bbox 1232 2934 1254 3003; x_wconf 85' lang='lat' dir='ltr'>ii</span> <span class='ocrx_word' id='word_1_214' title='bbox 1278 2954 1435 3017; x_wconf 74' lang='lat' dir='ltr'>armante,</span> <span class='ocrx_word' id='word_1_215' title='bbox 1459 2938 1570 3005; x_wconf 81' lang='lat' dir='ltr'>inrece</span> <span class='ocrx_word' id='word_1_216' title='bbox 1589 2935 1619 3006; x_wconf 90' lang='lat' dir='ltr'>d’</span> <span class='ocrx_word' id='word_1_217' title='bbox 1628 2961 1702 3005; x_wconf 80' lang='lat' dir='ltr'>aver</span> 
     </span>
     <span class='ocr_line' id='line_1_23' title="bbox 412 3041 1701 3136; baseline 0.004 -27"><span class='ocrx_word' id='word_1_218' title='bbox 412 3044 542 3131; x_wconf 85' lang='lat' dir='ltr'>copiato</span> <span class='ocrx_word' id='word_1_219' title='bbox 565 3041 789 3114; x_wconf 83' lang='lat' dir='ltr'>direttamente</span> <span class='ocrx_word' id='word_1_220' title='bbox 806 3042 845 3111; x_wconf 83' lang='lat' dir='ltr'>da</span> <span class='ocrx_word' id='word_1_221' title='bbox 862 3043 897 3125; x_wconf 91' lang='lat' dir='ltr'>B,</span> <span class='ocrx_word' id='word_1_222' title='bbox 914 3041 1005 3111; x_wconf 80' lang='lat' dir='ltr'>abbia</span> <span class='ocrx_word' id='word_1_223' title='bbox 1021 3045 1075 3132; x_wconf 81' lang='lat' dir='ltr'>piir</span> <span class='ocrx_word' id='word_1_224' title='bbox 1092 3063 1177 3112; x_wconf 88' lang='lat' dir='ltr'>tosto</span> <span class='ocrx_word' id='word_1_225' title='bbox 1202 3045 1327 3133; x_wconf 85' lang='lat' dir='ltr'>copiato</span> <span class='ocrx_word' id='word_1_226' title='bbox 1344 3042 1383 3111; x_wconf 76' lang='lat' dir='ltr'>dr</span> <span class='ocrx_word' id='word_1_227' title='bbox 1400 3043 1479 3112; x_wconf 84' lang='lat' dir='ltr'>altro</span> <span class='ocrx_word' id='word_1_228' title='bbox 1495 3067 1555 3113; x_wconf 88' lang='lat' dir='ltr'>ms.</span> <span class='ocrx_word' id='word_1_229' title='bbox 1574 3043 1594 3112; x_wconf 86' lang='lat' dir='ltr'>il</span> <span class='ocrx_word' id='word_1_230' title='bbox 1609 3044 1701 3136; x_wconf 81' lang='lat' dir='ltr'>quale</span> 
     </span>
     <span class='ocr_line' id='line_1_24' title="bbox 413 3150 1701 3243; baseline 0.002 -25"><span class='ocrx_word' id='word_1_231' title='bbox 413 3154 588 3240; x_wconf 85' lang='lat' dir='ltr'>attingesse</span> <span class='ocrx_word' id='word_1_232' title='bbox 613 3173 631 3217; x_wconf 85' lang='lat' dir='ltr'>a</span> <span class='ocrx_word' id='word_1_233' title='bbox 654 3173 711 3218; x_wconf 83' lang='lat' dir='ltr'>sua</span> <span class='ocrx_word' id='word_1_234' title='bbox 734 3150 831 3234; x_wconf 79' lang='lat' dir='ltr'>volta,</span> <span class='ocrx_word' id='word_1_235' title='bbox 855 3174 873 3218; x_wconf 79' lang='lat' dir='ltr'>a</span> <span class='ocrx_word' id='word_1_236' title='bbox 896 3152 932 3220; x_wconf 90' lang='grc' dir='ltr'>Β.</span> <span class='ocrx_word' id='word_1_237' title='bbox 957 3151 1008 3220; x_wconf 91' lang='lat' dir='ltr'>Or</span> <span class='ocrx_word' id='word_1_238' title='bbox 1043 3150 1134 3234; x_wconf 86' lang='lat' dir='ltr'>bene,</span> <span class='ocrx_word' id='word_1_239' title='bbox 1157 3171 1268 3243; x_wconf 86' lang='lat' dir='ltr'>queste</span> <span class='ocrx_word' id='word_1_240' title='bbox 1302 3175 1320 3219; x_wconf 93' lang='lat' dir='ltr'>e</span> <span class='ocrx_word' id='word_1_241' title='bbox 1355 3150 1454 3221; x_wconf 88' lang='lat' dir='ltr'>molte</span> <span class='ocrx_word' id='word_1_242' title='bbox 1489 3151 1566 3221; x_wconf 85' lang='lat' dir='ltr'>altre</span> <span class='ocrx_word' id='word_1_243' title='bbox 1596 3152 1701 3243; x_wconf 85' lang='lat' dir='ltr'>glosse</span> 
     </span>
     <span class='ocr_line' id='line_1_25' title="bbox 413 3256 1702 3348; baseline 0.002 -22"><span class='ocrx_word' id='word_1_244' title='bbox 413 3281 481 3326; x_wconf 88' lang='lat' dir='ltr'>non</span> <span class='ocrx_word' id='word_1_245' title='bbox 505 3259 533 3326; x_wconf 93' lang='lat' dir='ltr'>si</span> <span class='ocrx_word' id='word_1_246' title='bbox 555 3278 693 3326; x_wconf 83' lang='lat' dir='ltr'>trovano</span> <span class='ocrx_word' id='word_1_247' title='bbox 717 3260 769 3326; x_wconf 86' lang='lat' dir='ltr'>nei</span> <span class='ocrx_word' id='word_1_248' title='bbox 793 3257 886 3326; x_wconf 90' lang='lat' dir='ltr'>codd.</span> <span class='ocrx_word' id='word_1_249' title='bbox 922 3257 962 3326; x_wconf 84' lang='lat' dir='ltr'>da</span> <span class='ocrx_word' id='word_1_250' title='bbox 996 3281 1049 3326; x_wconf 88' lang='lat' dir='ltr'>me</span> <span class='ocrx_word' id='word_1_251' title='bbox 1084 3256 1264 3340; x_wconf 76' lang='lat' dir='ltr'>studiari,e</span> <span class='ocrx_word' id='word_1_252' title='bbox 1299 3260 1376 3348; x_wconf 78' lang='lat' dir='ltr'>perri</span> <span class='ocrx_word' id='word_1_253' title='bbox 1399 3258 1620 3328; x_wconf 83' lang='lat' dir='ltr'>l’annotatore</span> <span class='ocrx_word' id='word_1_254' title='bbox 1651 3259 1702 3328; x_wconf 86' lang='lat' dir='ltr'>del</span> 
     </span>
     <span class='ocr_line' id='line_1_26' title="bbox 413 3364 1701 3459; baseline 0.002 -25"><span class='ocrx_word' id='word_1_255' title='bbox 413 3364 485 3434; x_wconf 89' lang='lat' dir='ltr'>cod.</span> <span class='ocrx_word' id='word_1_256' title='bbox 509 3366 668 3434; x_wconf 81' lang='lat' dir='ltr'>Vaticano</span> <span class='ocrx_word' id='word_1_257' title='bbox 692 3368 787 3456; x_wconf 79' lang='lat' dir='ltr'>copid</span> <span class='ocrx_word' id='word_1_258' title='bbox 811 3365 1034 3434; x_wconf 84' lang='lat' dir='ltr'>direttamente</span> <span class='ocrx_word' id='word_1_259' title='bbox 1058 3365 1096 3434; x_wconf 84' lang='lat' dir='ltr'>da</span> <span class='ocrx_word' id='word_1_260' title='bbox 1121 3366 1144 3433; x_wconf 90' lang='lat' dir='ltr'><strong>B</strong></span> <span class='ocrx_word' id='word_1_261' title='bbox 1168 3367 1251 3434; x_wconf 84' lang='lat' dir='ltr'>oda</span> <span class='ocrx_word' id='word_1_262' title='bbox 1275 3391 1318 3434; x_wconf 88' lang='lat' dir='ltr'>un</span> <span class='ocrx_word' id='word_1_263' title='bbox 1342 3365 1451 3436; x_wconf 83' lang='lat' dir='ltr'>codice</span> <span class='ocrx_word' id='word_1_264' title='bbox 1468 3367 1526 3435; x_wconf 86' lang='lat' dir='ltr'>che</span> <span class='ocrx_word' id='word_1_265' title='bbox 1544 3392 1609 3435; x_wconf 89' lang='lat' dir='ltr'>non</span> <span class='ocrx_word' id='word_1_266' title='bbox 1630 3392 1701 3459; x_wconf 89' lang='lat' dir='ltr'>pos·</span> 
     </span>
     <span class='ocr_line' id='line_1_27' title="bbox 413 3472 1701 3564; baseline 0.002 -23"><span class='ocrx_word' id='word_1_267' title='bbox 413 3472 570 3557; x_wconf 84' lang='lat' dir='ltr'>sediarno,</span> <span class='ocrx_word' id='word_1_268' title='bbox 593 3472 615 3541; x_wconf 87' lang='lat' dir='ltr'>il</span> <span class='ocrx_word' id='word_1_269' title='bbox 640 3473 732 3564; x_wconf 84' lang='lat' dir='ltr'>quale</span> <span class='ocrx_word' id='word_1_270' title='bbox 757 3476 833 3564; x_wconf 79' lang='lat' dir='ltr'>peri)</span> <span class='ocrx_word' id='word_1_271' title='bbox 857 3497 955 3541; x_wconf 78' lang='lat' dir='ltr'>asur</span> <span class='ocrx_word' id='word_1_272' title='bbox 980 3472 1064 3542; x_wconf 78' lang='lat' dir='ltr'>volta</span> <span class='ocrx_word' id='word_1_273' title='bbox 1088 3475 1285 3559; x_wconf 77' lang='lat' dir='ltr'>trascrivera,</span> <span class='ocrx_word' id='word_1_274' title='bbox 1309 3497 1404 3543; x_wconf 84' lang='lat' dir='ltr'>senza</span> <span class='ocrx_word' id='word_1_275' title='bbox 1431 3475 1655 3560; x_wconf 67' lang='lat' dir='ltr'>immediati,</span> <span class='ocrx_word' id='word_1_276' title='bbox 1678 3474 1701 3543; x_wconf 89' lang='lat' dir='ltr'>il</span> 
     </span>
     <span class='ocr_line' id='line_1_28' title="bbox 414 3574 1614 3673; baseline 0.003 -24"><span class='ocrx_word' id='word_1_277' title='bbox 414 3601 603 3649; x_wconf 85' lang='lat' dir='ltr'>commento</span> <span class='ocrx_word' id='word_1_278' title='bbox 628 3580 858 3651; x_wconf 82' lang='lat' dir='ltr'>deH&#39;Imolese.</span> <span class='ocrx_word' id='word_1_279' title='bbox 883 3583 995 3650; x_wconf 78' lang='lat' dir='ltr'>Scrivo</span> <span class='ocrx_word' id='word_1_280' title='bbox 1019 3580 1187 3673; x_wconf 84' lang='lat' dir='ltr'>adunque:</span> <span class='ocrx_word' id='word_1_281' title='bbox 1612 3574 1614 3579; x_wconf 37' lang='lat'><strong><em>¹</em></strong></span> 
     </span>
    </p>
   </div>
   <div class='ocr_carea' id='block_1_6' title="bbox 1056 3691 1080 3758">
    <p class='ocr_par' dir='ltr' id='par_1_9' title="bbox 1056 3691 1080 3758">
     <span class='ocr_line' id='line_1_29' title="bbox 1056 3691 1080 3758; baseline 0 0"><span class='ocrx_word' id='word_1_282' title='bbox 1056 3691 1080 3758; x_wconf 91' lang='lat' dir='ltr'>B</span> 
     </span>
    </p>
   </div>
   <div class='ocr_carea' id='block_1_7' title="bbox 835 3782 1286 3960">
    <p class='ocr_par' dir='ltr' id='par_1_10' title="bbox 835 3782 1286 3960">
     <span class='ocr_line' id='line_1_30' title="bbox 835 3782 1286 3960; baseline -0.002 -20"><span class='ocrx_word' id='word_1_283' title='bbox 835 3869 918 3941; x_wconf 84' lang='lat' dir='ltr'>cod.</span> <span class='ocrx_word' id='word_1_284' title='bbox 942 3782 1099 3939; x_wconf 66' lang='lat' dir='ltr'>Varicm&#39;ro</span> <span class='ocrx_word' id='word_1_285' title='bbox 1123 3870 1175 3940; x_wconf 84' lang='lat' dir='ltr'>lat.</span> <span class='ocrx_word' id='word_1_286' title='bbox 1204 3873 1286 3960; x_wconf 80' lang='lat'>1679</span> 
     </span>
    </p>
   </div>
   <div class='ocr_carea' id='block_1_8' title="bbox 411 4122 1701 4757">
    <p class='ocr_par' dir='ltr' id='par_1_11' title="bbox 504 4122 1234 4217">
     <span class='ocr_line' id='line_1_31' title="bbox 504 4122 1234 4217; baseline 0.003 -25"><span class='ocrx_word' id='word_1_287' title='bbox 504 4130 534 4208; x_wconf 88' lang='lat' dir='ltr'>c)</span> <span class='ocrx_word' id='word_1_288' title='bbox 562 4122 636 4193; x_wconf 81' lang='lat' dir='ltr'>Cod.</span> <span class='ocrx_word' id='word_1_289' title='bbox 665 4125 700 4194; x_wconf 87' lang='lat' dir='ltr'>V.</span> <span class='ocrx_word' id='word_1_290' title='bbox 725 4126 763 4194; x_wconf 82' lang='lat' dir='ltr'>E.</span> <span class='ocrx_word' id='word_1_291' title='bbox 787 4125 932 4213; x_wconf 64' lang='lat'>48135121.</span> <span class='ocrx_word' id='word_1_292' title='bbox 957 4126 1039 4216; x_wconf 60' lang='lat' dir='ltr'>Nrrz.</span> <span class='ocrx_word' id='word_1_293' title='bbox 1064 4127 1097 4194; x_wconf 80' lang='lat' dir='ltr'>di</span> <span class='ocrx_word' id='word_1_294' title='bbox 1119 4124 1234 4217; x_wconf 75' lang='lat' dir='ltr'>Naprti</span> 
     </span>
    </p>

    <p class='ocr_par' dir='ltr' id='par_1_12' title="bbox 411 4232 1701 4757">
     <span class='ocr_line' id='line_1_32' title="bbox 502 4232 1701 4325; baseline 0.003 -26"><span class='ocrx_word' id='word_1_295' title='bbox 502 4232 617 4301; x_wconf 86' lang='lat' dir='ltr'>Anche</span> <span class='ocrx_word' id='word_1_296' title='bbox 640 4233 662 4301; x_wconf 87' lang='lat' dir='ltr'>il</span> <span class='ocrx_word' id='word_1_297' title='bbox 686 4257 872 4303; x_wconf 84' lang='lat' dir='ltr'>commento</span> <span class='ocrx_word' id='word_1_298' title='bbox 897 4237 1006 4303; x_wconf 83' lang='lat' dir='ltr'>scritto</span> <span class='ocrx_word' id='word_1_299' title='bbox 1032 4237 1080 4303; x_wconf 76' lang='lat' dir='ltr'>sui</span> <span class='ocrx_word' id='word_1_300' title='bbox 1105 4236 1238 4324; x_wconf 81' lang='lat' dir='ltr'>margini</span> <span class='ocrx_word' id='word_1_301' title='bbox 1262 4234 1294 4302; x_wconf 88' lang='lat' dir='ltr'>di</span> <span class='ocrx_word' id='word_1_302' title='bbox 1317 4256 1431 4325; x_wconf 86' lang='lat' dir='ltr'>questo</span> <span class='ocrx_word' id='word_1_303' title='bbox 1455 4234 1565 4303; x_wconf 86' lang='lat' dir='ltr'>codice</span> <span class='ocrx_word' id='word_1_304' title='bbox 1582 4254 1701 4303; x_wconf 80' lang='lat' dir='ltr'>mostra</span> 
     </span>
     <span class='ocr_line' id='line_1_33' title="bbox 412 4340 1700 4432; baseline 0.003 -25"><span class='ocrx_word' id='word_1_305' title='bbox 412 4340 444 4408; x_wconf 87' lang='lat' dir='ltr'>di</span> <span class='ocrx_word' id='word_1_306' title='bbox 468 4365 561 4409; x_wconf 81' lang='lat' dir='ltr'>avere</span> <span class='ocrx_word' id='word_1_307' title='bbox 586 4344 700 4410; x_wconf 83' lang='lat' dir='ltr'>attinto</span> <span class='ocrx_word' id='word_1_308' title='bbox 724 4344 804 4410; x_wconf 80' lang='lat' dir='ltr'>assai</span> <span class='ocrx_word' id='word_1_309' title='bbox 828 4340 1022 4432; x_wconf 79' lang='lat' dir='ltr'>largamente</span> <span class='ocrx_word' id='word_1_310' title='bbox 1039 4343 1066 4410; x_wconf 81' lang='lat' dir='ltr'>al</span> <span class='ocrx_word' id='word_1_311' title='bbox 1084 4362 1269 4411; x_wconf 83' lang='lat' dir='ltr'>commento</span> <span class='ocrx_word' id='word_1_312' title='bbox 1286 4342 1310 4409; x_wconf 89' lang='lat' dir='ltr'>B</span> <span class='ocrx_word' id='word_1_313' title='bbox 1334 4366 1351 4411; x_wconf 92' lang='lat' dir='ltr'>e</span> <span class='ocrx_word' id='word_1_314' title='bbox 1374 4344 1435 4425; x_wconf 81' lang='lat' dir='ltr'>cii),</span> <span class='ocrx_word' id='word_1_315' title='bbox 1453 4342 1515 4410; x_wconf 87' lang='lat' dir='ltr'>ben</span> <span class='ocrx_word' id='word_1_316' title='bbox 1530 4344 1558 4411; x_wconf 91' lang='lat' dir='ltr'>si</span> <span class='ocrx_word' id='word_1_317' title='bbox 1575 4342 1700 4426; x_wconf 88' lang='lat' dir='ltr'>ricordi,</span> 
     </span>
     <span class='ocr_line' id='line_1_34' title="bbox 412 4450 1700 4542; baseline 0.002 -25"><span class='ocrx_word' id='word_1_318' title='bbox 412 4474 508 4517; x_wconf 82' lang='lat' dir='ltr'>senza</span> <span class='ocrx_word' id='word_1_319' title='bbox 532 4475 659 4541; x_wconf 71' lang='lat' dir='ltr'>passure</span> <span class='ocrx_word' id='word_1_320' title='bbox 683 4471 856 4519; x_wconf 70' lang='lat' dir='ltr'>attriverso</span> <span class='ocrx_word' id='word_1_321' title='bbox 881 4450 909 4518; x_wconf 87' lang='lat' dir='ltr'>la</span> <span class='ocrx_word' id='word_1_322' title='bbox 933 4450 1031 4519; x_wconf 80' lang='lat' dir='ltr'>rrafila</span> <span class='ocrx_word' id='word_1_323' title='bbox 1056 4450 1157 4518; x_wconf 80' lang='lat' dir='ltr'>d&#39;altri</span> <span class='ocrx_word' id='word_1_324' title='bbox 1181 4475 1240 4518; x_wconf 85' lang='lat' dir='ltr'>rus.</span> <span class='ocrx_word' id='word_1_325' title='bbox 1253 4477 1262 4535; x_wconf 91' lang='lat'>;</span> <span class='ocrx_word' id='word_1_326' title='bbox 1286 4450 1402 4540; x_wconf 67' lang='lat' dir='ltr'>perche</span> <span class='ocrx_word' id='word_1_327' title='bbox 1417 4452 1428 4518; x_wconf 91' lang='lat' dir='ltr'>i</span> <span class='ocrx_word' id='word_1_328' title='bbox 1446 4454 1529 4541; x_wconf 85' lang='lat' dir='ltr'>passi</span> <span class='ocrx_word' id='word_1_329' title='bbox 1546 4450 1629 4520; x_wconf 88' lang='lat' dir='ltr'>ch‘io</span> <span class='ocrx_word' id='word_1_330' title='bbox 1645 4453 1700 4542; x_wconf 89' lang='lat' dir='ltr'>qui</span> 
     </span>
     <span class='ocr_line' id='line_1_35' title="bbox 412 4558 1699 4649; baseline 0.004 -25"><span class='ocrx_word' id='word_1_331' title='bbox 412 4579 499 4625; x_wconf 87' lang='lat' dir='ltr'>sotto</span> <span class='ocrx_word' id='word_1_332' title='bbox 525 4559 713 4628; x_wconf 78' lang='lat' dir='ltr'>raffronterr&#39;)</span> <span class='ocrx_word' id='word_1_333' title='bbox 738 4583 804 4626; x_wconf 85' lang='lat' dir='ltr'>non</span> <span class='ocrx_word' id='word_1_334' title='bbox 828 4560 855 4626; x_wconf 85' lang='lat' dir='ltr'>si</span> <span class='ocrx_word' id='word_1_335' title='bbox 879 4580 1014 4627; x_wconf 80' lang='lat' dir='ltr'>trovarro</span> <span class='ocrx_word' id='word_1_336' title='bbox 1039 4560 1179 4649; x_wconf 83' lang='lat' dir='ltr'>riportati</span> <span class='ocrx_word' id='word_1_337' title='bbox 1203 4560 1235 4625; x_wconf 86' lang='lat' dir='ltr'>in</span> <span class='ocrx_word' id='word_1_338' title='bbox 1259 4558 1327 4627; x_wconf 83' lang='lat' dir='ltr'>altri</span> <span class='ocrx_word' id='word_1_339' title='bbox 1362 4558 1474 4628; x_wconf 87' lang='lat' dir='ltr'>codici.</span> <span class='ocrx_word' id='word_1_340' title='bbox 1510 4558 1699 4629; x_wconf 82' lang='lat' dir='ltr'>Nell&#39;intro·</span> 
     </span>
     <span class='ocr_line' id='line_1_36' title="bbox 411 4665 1269 4757; baseline 0.001 -23"><span class='ocrx_word' id='word_1_341' title='bbox 411 4665 550 4734; x_wconf 83' lang='lat' dir='ltr'>duzione</span> <span class='ocrx_word' id='word_1_342' title='bbox 574 4668 722 4757; x_wconf 75' lang='lat' dir='ltr'>generale</span> <span class='ocrx_word' id='word_1_343' title='bbox 745 4666 767 4734; x_wconf 81' lang='lat' dir='ltr'>il</span> <span class='ocrx_word' id='word_1_344' title='bbox 791 4689 976 4736; x_wconf 79' lang='lat' dir='ltr'>corrrrrrcrrto</span> <span class='ocrx_word' id='word_1_345' title='bbox 1002 4670 1067 4735; x_wconf 79' lang='lat' dir='ltr'>cosi</span> <span class='ocrx_word' id='word_1_346' title='bbox 1092 4667 1269 4735; x_wconf 78' lang='lat' dir='ltr'>comincia:</span> 
     </span>
    </p>
   </div>
   <div class='ocr_carea' id='block_1_9' title="bbox 0 0 2084 5217">
    <p class='ocr_par' dir='ltr' id='par_1_13' title="bbox 0 0 2084 5217">
     <span class='ocr_line' id='line_1_37' title="bbox 0 0 2084 5217; baseline 0 0"><span class='ocrx_word' id='word_1_347' title='bbox 0 0 2084 5217; x_wconf 95' lang='lat' dir='ltr'> </span> 
     </span>
    </p>
   </div>
  </div>
 </body>
</html>
