4125 5217
376 346 439 431 264
880 354 1034 404 sunosio
1058 355 1163 403 nvem

380 485 1664 508 ..u-..m

380 640 478 696 vocat,
499 622 590 684 alium
620 622 789 700 Tirrenum.
813 617 916 681 Gallus
945 633 988 679 est
1011 637 1086 678 uitus
1115 614 1241 677 intimius
1262 617 1431 698 francigena
1453 617 1594 686 hlusicus,
1615 618 1666 697 qui

380 723 569 788 Petrnrchnm
593 721 748 783 inl'estrlut
769 719 888 780 assiduo
911 733 943 779 ut
966 737 1087 799 poesvm
1110 731 1138 777 et
1155 716 1330 777 rethoricam
1353 716 1497 777 edoceret.
1520 716 1667 777 'l‘irhcuos

378 841 465 887 notor
487 839 540 894 cst,
569 823 618 907 qui
653 820 807 882 thirhenus
838 835 899 880 erut
927 841 942 879 u
967 816 1118 879 thirrheno
1141 818 1223 877 miri.
1246 814 1349 878 uirtus
1377 832 1477 876 autem
1505 816 1665 876 ndmirnms

381 925 582 1007 eloquentiam
606 938 748 1004 petrurcc,
771 920 845 980 idest
868 917 1006 1003 'l'irrheoi
1027 936 1116 998 uriam
1138 918 1213 978 scire
1228 915 1422 988 deside-obn,
1444 915 1533 977 dicit:
1555 938 1574 975 o
1596 918 1668 978 'l'ir-

383 1025 474 1087 rhene
495 1024 560 1107 quis
583 1022 688 1082 cloctor
710 1038 738 1081 te
760 1020 885 1081 docuit?
907 1018 960 1078 luit
983 1018 1113 1083 deduius,
1137 1017 1180 1077 vel
1203 1015 1300 1077 nlius?

467 1122 590 1184 Gallos:
615 1122 659 1180 lm·
686 1120 735 1178 inii
762 1118 919 1200 philippos
948 1118 984 1177 dc
1007 1119 1155 1176 l'iciriico
1177 1114 1355 1177 clarissimus
1378 1117 1518 1182 iitusicns,
1541 1132 1671 1196 petrurce

383 1243 501 1285 summe
524 1238 622 1286 inuio,
645 1221 679 1279 nd
703 1240 789 1299 ,poem
823 1216 978 1300 epistolum
1008 1219 1096 1278 etism
1124 1217 1239 1298 scripsit
1267 1235 1450 1298 prusnycmn.
1472 1237 1529 1297 que
1551 1217 1670 1297 incipit:

387 1347 403 1380 e
416 1323 527 1385 anticas
549 1316 635 1381 altres
649 1347 663 1374 o
688 1320 748 1401 (r).

389 1507 1028 1529 m·grrxrm0·z-..m
1043 1507 1160 1523 &as-...4
1170 1506 1245 1522 ...3,
1264 1515 1283 1521 ..
1295 1507 1350 1522 .·.>..
1363 1517 1371 1520 ..
1408 1506 1451 1522 -..ς
1463 1507 1496 1522 .··...·.
1506 1515 1534 1521 „-
1544 1506 1551 1521 2
1563 1515 1580 1522 ‚⁴
1590 1507 1605 1522 ·.
1633 1507 1672 1523 .·...··

459 1644 498 1709 (ι)
516 1639 580 1711 [CB]
597 1640 694 1705 Quartc
713 1639 804 1705 egloge
823 1637 912 1688 titulus
931 1647 970 1688 est
992 1635 1142 1687 «dedalus»
1163 1636 1197 1686 ab
1216 1635 1260 1686 illo
1278 1651 1379 1687 sununo
1391 1635 1529 1686 architecto
1550 1646 1575 1686 et
1595 1635 1675 1696 inlito,

387 1736 420 1786 de
433 1750 486 1801 quo
499 1732 585 1784 sabula
598 1742 638 1783 est
650 1731 718 1799 npvud
738 1730 852 1781 ovidium
872 1729 888 1779 l’
898 1725 928 1778 8⁰
948 1729 1022 1779 oet-rh.
1041 1743 1088 1794 per
1104 1743 1181 1794 quem
1200 1726 1292 1778 cristus
1311 1726 1471 1794 intelligitur.
1482 1727 1527 1794 qui
1539 1726 1585 1777 luit
1598 1728 1675 1778 homo

388 1841 467 1892 supra
491 1832 619 1883 naturam,
637 1820 767 1889 Sapientie
792 1831 819 1871 et
845 1819 966 1871 virtutum
992 1829 1018 1870 et
1043 1817 1136 1869 artium
1154 1817 1270 1869 omnium
1294 1819 1392 1869 doctor.
1417 1818 1590 1869 collocutores
1616 1806 1686 1869 sunt⁸

389 1914 480 1966 Gallus
499 1911 555 1980 (qui
573 1911 697 1979 accipitur
716 1929 763 1979 pro
781 1912 894 1978 quodam
914 1909 994 1960 milite
1013 1925 1075 1960 sene
1095 1908 1197 1959 nomine
1222 1908 1347 1976 philippo,
1365 1909 1410 1976 qui
1435 1919 1462 1959 et
1478 1908 1567 1959 artilex
1586 1908 1632 1959 tuit
1651 1922 1676 1959 et

389 2003 552 2054 desiderabat
570 2013 652 2053 nrtern
672 2001 797 2068 poeticum
817 2000 926 2064 discere)
946 1999 1141 2067 cognominatus
1159 2017 1175 2050 a
1192 1998 1278 2067 gallin,
1296 1999 1438 2050 'l’birrenus
1456 2017 1472 2050 a
1491 1999 1598 2060 thirem,
1611 1999 1678 2050 idest

390 2093 473 2145 Itnlia.
494 2094 525 2143 m
544 2091 668 2159 accipitur
686 2109 734 2160 pro
752 2091 859 2141 domino
879 2090 1002 2142 francisco
1021 2090 1131 2141 habente
1150 2090 1297 2156 Cytheram,
1310 2088 1375 2140 idest
1394 2099 1474 2141 artem
1493 2089 1626 2157 proetieam.
1646 2090 1678 2141 Et

390 2184 523 2250 disputant
543 2182 585 2233 isti
605 2183 658 2233 duo
681 2199 726 2233 cur
749 2182 836 2249 potius
854 2181 924 2249 opud
942 2179 1045 2232 Italicos
1063 2198 1105 2231 ars
1124 2180 1223 2248 poetioa
1241 2179 1360 2246 viguerit,
1382 2180 1562 2231 concludentes
1585 2180 1612 2230 in
1631 2181 1679 2232 boe

391 2290 439 2325 nos
460 2272 557 2323 italicos
577 2272 656 2323 luisse
682 2272 776 2323 felices.
802 2271 922 2339 prohihet
939 2281 1024 2322 autem
1051 2270 1167 2323 thirenus
1186 2270 1236 2338 ipsi
1260 2272 1338 2339 gallo,
1357 2288 1402 2322 seu
1428 2272 1549 2339 magistro
1572 2271 1679 2323 cenobio

392 2373 467 2431 poete
487 2362 633 2423 florentino,
654 2381 686 2414 nc
705 2363 816 2429 amplius
837 2362 989 2413 intromittet
1009 2378 1037 2412 se
1055 2362 1087 2412 de
1106 2370 1160 2413 arte
1179 2361 1286 2429 poetica,
1304 2361 1362 2429 quia
1381 2362 1502 2428 imlignus
1520 2372 1558 2413 est
1577 2371 1680 2429 propter

392 2453 576 2519 girrulitatem.
596 2453 628 2503 Et
648 2453 696 2504 boc
714 2452 827 2504 ostendit
847 2452 968 2503 dominus
981 2452 1120 2504 iranciscus
1132 2461 1221 2504 eontra
1240 2451 1323 2520 ipsum
1342 2453 1447 2518 gallum,
1467 2469 1511 2503 seu
1531 2452 1680 2519 magistrum

392 2542 528 2593 cenobium
547 2542 574 2592 ln
593 2544 694 2594 duobus
713 2543 835 2610 operibus
854 2542 925 2593 suis:
945 2543 1013 2594 Nam
1032 2542 1116 2610 primo
1135 2542 1237 2609 scripsit
1248 2554 1337 2595 eontra
1355 2544 1439 2610 ipsum
1453 2560 1517 2609 opus
1536 2543 1599 2594 illud
1611 2544 1680 2610 quod

393 2632 500 2698 incipit:
522 2632 615 2696 «Quid
635 2633 680 2683 tihi
700 2651 757 2684 cum
779 2632 867 2690 musis,
881 2632 983 2701 garrule
1003 2634 1145 2685 miserrime
1164 2634 1247 2700 galle?
1261 2634 1326 2685 Item
1345 2635 1445 2700 scripsit
1466 2635 1557 2684 librum
1578 2637 1681 2683 imerii·

394 2741 485 2773 nermo
504 2734 595 2774 contra
617 2725 721 2790 gallum.
742 2725 808 2774 Nam
836 2725 890 2790 ipse
916 2724 1000 2790 gallus
1027 2724 1129 2792 scripsit
1153 2727 1185 2775 de
1211 2735 1296 2776 niente
1318 2743 1364 2776 sua
1388 2726 1480 2776 librum
1508 2727 1539 2775 de
1563 2724 1681 2775 laudibus

393 2814 520 2879 gallorum
538 2824 629 2865 eontra
647 2815 754 2866 itnlicos.
775 2816 805 2864 lii
825 2815 938 2866 ostendit
957 2816 1077 2867 dominus
1096 2816 1234 2868 franciscus
1247 2815 1357 2884 qualiter
1369 2815 1423 2867 itali
1436 2832 1526 2867 omnes
1539 2815 1682 2883 provincias

394 2904 452 2971 plns
472 2904 566 2955 virtute
583 2921 661 2972 quam
681 2904 777 2956 viribus
797 2905 981 2958 submiserunt.

465 3082 520 3154 [Cr]
541 3084 652 3136 Intentio
670 3095 745 3153 poete
770 3097 809 3138 est
828 3086 855 3137 in
878 3086 926 3138 hac
944 3087 1044 3153 eglogi'
1058 3086 1162 3139 laudare
1179 3086 1329 3139 Ilssalieos'in
1354 3086 1461 3138 scientia
1482 3084 1580 3155 poetica
1598 3086 1683 3141 leliees

394 3188 419 3225 ιι
440 3176 528 3226 doctos
547 3191 605 3226 curn
624 3175 673 3226 alie
693 3186 779 3243 partes
798 3176 888 3227 mundi
907 3187 992 3243 preter
1010 3177 1129 3228 Greeiam
1149 3177 1275 3228 immunes
1295 3178 1388 3229 inerint
1407 3178 1513 3229 scientie
1525 3178 1631 3245 poetice.
1650 3181 1682 3232 Et

394 3266 563 3316 collocutores
583 3276 642 3316 sunt
662 3266 753 3317 Gallus
779 3278 802 3317 et
826 3268 946 3318 tirrenns.
966 3284 1011 3334 per
1038 3268 1140 3319 Gallum
1165 3268 1285 3336 intelligit
1311 3271 1439 3335 quendam
1466 3269 1637 3337 francigenam
1656 3271 1683 3321 in

396 3357 502 3406 scientia
522 3356 618 3407 musice
645 3357 718 3408 valde
737 3358 850 3417 doctum,
873 3359 917 3425 qui
943 3359 1075 3425 philippus
1101 3358 1200 3409 {eunius
1226 3359 1309 3410 dictus
1328 3369 1382 3420 est;
1400 3360 1444 3426 qui
1469 3376 1526 3411 eum
1545 3372 1618 3412 autor
1636 3362 1683 3414 iste

394 3447 462 3510 apud
483 3445 593 3496 (lolliam
613 3456 764 3508 moraretur,
783 3456 836 3498 tota
854 3448 896 3499 die
915 3448 1051 3500 infestabat
1071 3459 1098 3499 nt
1116 3450 1198 3517 ipsum
1218 3435 1384 3501 ‘Rectoricarn
1408 3451 1519 3501 doceret.
1540 3451 1588 3502 Per
1614 3452 1684 3503 tirre-

396 3552 457 3584 num
478 3535 592 3602 intellige
612 3546 727 3587 nostrum
748 3548 860 3603 poetam,
872 3548 897 3589 et
916 3551 974 3589 sunt
994 3539 1099 3589 nomina
1119 3539 1213 3591 fictitia.
1231 3542 1255 3590 A
1275 3541 1371 3591 tirreno
1384 3557 1443 3608 rege
1462 3541 1530 3592 dicta
1547 3552 1586 3594 est
1604 3542 1685 3594 tussia

396 3626 492 3676 tirrenn
511 3636 536 3678 et
554 3644 570 3677 a
590 3626 676 3677 Gallia>
693 3627 777 3678 dictus
796 3639 835 3679 est
855 3628 954 3679 Gallus.
976 3628 1053 3699 -[Cs]
1064 3646 1109 3697 per
1121 3629 1216 3696 gallum
1236 3630 1351 3697 intellige
1363 3632 1493 3697 quendam
1512 3630 1684 3699 francigenam

396 3715 422 3764 in
442 3714 549 3766 scientia
567 3716 665 3768 musica
684 3716 758 3769 valde
777 3719 888 3769 doctum.
909 3720 940 3768 Et
960 3718 1008 3770 iste
1028 3719 1160 3785 Philippus
1179 3718 1260 3771 invius
1279 3719 1420 3771 dicebatur.

467 3894 514 3966 [N]
531 3896 668 3948 Sciendum
687 3898 757 3965 quod
776 3907 891 3966 petrarca
911 3909 970 3951 ente
989 3898 1016 3950 in
1034 3898 1153 3951 avinione
1173 3916 1238 3951 unns
1261 3900 1409 3967 francigeno
1433 3900 1508 3968 quasi
1533 3918 1612 3954 senex
1632 3918 1685 3953 mu·

397 3986 464 4036 sicus
485 3986 565 4038 voluit
585 3987 648 4039 effici
668 3997 753 4055 pocta,
772 3990 818 4039 sed
838 4006 889 4040 non
909 3988 992 4057 potuit
1011 3998 1036 4039 et
1050 3989 1202 4057 interogavit
1220 4000 1362 4058 petrarcam
1379 3993 1510 4057 quomodo
1529 3992 1583 4058 ipse
1601 3991 1685 4059 aequi·

396 4077 490 4126 siverat
514 4076 613 4143 poesim
638 4094 719 4128 suam.
745 4079 889 4146 appellatur
915 4080 962 4131 iste
982 4079 1110 4130 franciena
1134 4079 1217 4145 gallus
1242 4079 1302 4147 quia
1321 4079 1368 4131 ruit
1393 4081 1425 4132 de
1450 4082 1545 4148 gallia;
1570 4092 1684 4149 petrarca

398 4184 459 4217 vero
484 4165 605 4225 tirrenus,
628 4167 689 4234 quia
715 4186 767 4236 quo
793 4171 826 4219 nd
846 4170 1004 4221 nativitatem
1024 4182 1096 4220 ortus
1115 4169 1161 4221 luit
1179 4170 1205 4220 in
1225 4171 1305 4222 aretio
1323 4170 1352 4221 in
1369 4172 1419 4222 orti
1441 4181 1565 4233 contrata,
1582 4189 1634 4240 quo
1651 4174 1685 4224 sd

396 4256 602 4323 coiis-anguium
615 4258 646 4308 de
665 4259 790 4319 florentia,
810 4262 879 4311 unde
897 4261 1023 4323 tirrenus;
1042 4271 1068 4312 et
1080 4262 1113 4312 de
1125 4261 1204 4312 tuscia
1217 4277 1297 4328 prope
1309 4277 1387 4328 quam
1405 4272 1444 4313 est
1463 4279 1533 4315 mare
1552 4264 1684 4315 tirrenum.

396 4361 419 4396 et
440 4355 545 4397 vocatur
563 4358 649 4398 autem
668 4348 716 4399 iste
735 4351 818 4416 gallus
839 4351 963 4402 martinus
982 4352 1036 4419 lupi
1056 4353 1088 4402 de
1107 4351 1213 4402 irandia.
1232 4352 1401 4418 -appellatur
1422 4353 1545 4405 dedalico:
1564 4355 1627 4405 deus
1647 4353 1684 4404 in·

396 4436 521 4502 telligitur
541 4454 588 4504 pro
606 4438 653 4489 de:
674 4441 739 4490 dans
758 4458 805 4507 pro
824 4442 876 4501 edu
895 4441 951 4507 alijs
971 4459 1017 4508 pro
1037 4444 1086 4491 lus,
1106 4440 1274 4492 -intitulatur
1296 4452 1382 4492 autem
1401 4443 1517 4503 dedalus,
1536 4443 1601 4494 idest
1619 4444 1683 4494 deus

396 4528 461 4575 (lans
480 4526 548 4586 aliis,
567 4526 629 4594 quin
648 4528 674 4585 lit
694 4528 871 4579 denominatio
889 4547 904 4579 a
924 4530 1044 4596 digniorj,
1062 4529 1184 4597 quoniam
1203 4546 1279 4580 omne
1298 4532 1386 4580 datum
1410 4530 1544 4597 opitimum
1563 4541 1588 4583 et
1606 4547 1683 4582 omne

395 4617 493 4666 donum
514 4617 653 4684 perlectum
673 4618 705 4668 de
725 4636 826 4670 sursum
846 4629 893 4671 est.
913 4620 1004 4671 dicitur
1022 4622 1092 4687 quod
1111 4620 1226 4680 dedalus,
1245 4620 1311 4671 idest
1329 4622 1402 4681 deus,
1414 4621 1484 4672 dedit
1497 4622 1546 4672 sibi
1557 4622 1680 4673 citherarn

397 4706 505 4757 solidam
525 4707 617 4757 eburni
636 4725 693 4758 curn
717 4722 814 4777 septem
834 4710 918 4762 cordis
938 4710 1006 4761 intus
1024 4727 1112 4761 cavam
1131 4721 1155 4760 et
1176 4710 1344 4761 resonabiletn
1364 4711 1492 4763 mediante
1510 4712 1615 4779 plectro.
1632 4727 1682 4779 pro
