4125 5217
845 399 875 449 ra
897 401 1086 451 aucoarcun
1109 401 1240 452 massan
1465 383 1470 390 '
1619 387 1679 456 261

397 658 545 747 plurima:
566 662 636 746 quia
656 661 687 723 in
708 659 905 724 adolescentia
920 664 1041 738 amavit,
1056 677 1088 725 ut
1102 662 1150 745 alij
1167 677 1278 725 amant.
1299 697 1309 710 ·
1331 662 1409 725 hand
1419 685 1426 725 :
1442 664 1571 728 declarat
1587 668 1683 749 ipsum

400 759 440 823 iu'
452 762 566 824 musica
586 758 745 837 studuisse,
765 762 834 847 quia
854 762 1007 825 audiverat
1028 761 1144 845 placere
1164 761 1306 837 damnidi,
1321 783 1389 824 nam
1411 763 1448 826 ad
1468 764 1684 828 ordinationem

398 860 515 943 poetice
533 861 647 923 musica
670 861 842 936 necessaria,
863 880 916 923 seu
938 860 984 923 lex
1005 863 1171 923 carminum
1197 882 1256 946 que
1283 862 1484 956 consonantiis
1505 879 1535 926 et
1556 883 1686 948 propor-

399 957 530 1023 tionibus
549 960 713 1022 ordinatur.
733 993 754 1007 -
769 958 895 1044 ferrans:
917 958 989 1023 deos
1009 959 1161 1037 silvarum,
1183 961 1257 1023 idest
1278 963 1433 1024 civitatum
1461 964 1616 1047 principes,
1637 965 1687 1027 do·

400 1060 495 1123 ctrina
515 1073 616 1122 tamen
637 1056 792 1143 pollentes.
812 1094 823 1108 ·
842 1060 982 1123 driadas:
1004 1059 1149 1123 solitarias
1170 1061 1239 1124 deas
1260 1059 1411 1123 silvarum.
1433 1096 1444 1109 ·
1464 1062 1606 1147 capellas:
1627 1064 1687 1126 do-

400 1158 473 1224 ciles
493 1160 582 1221 viros.
603 1192 625 1206 -
645 1166 728 1243 apes:
752 1157 933 1242 eloquentes.
948 1195 968 1208 -
988 1160 1119 1223 cicadas:
1140 1160 1289 1245 loquaces,
1305 1182 1408 1245 parum
1423 1163 1537 1225 doctos.
1551 1198 1562 1211 ·
1575 1164 1686 1248 Argus:

403 1256 642 1335 rex.llobertus;
663 1259 732 1342 quia
755 1278 805 1320 rex
827 1256 974 1323 Robertus
995 1258 1050 1322 luit
1072 1261 1218 1322 maximus
1241 1276 1327 1343 poeta
1349 1259 1364 1342 (
1385 1261 1410 1345 ).

482 1378 646 1421 tremorum:
669 1377 839 1442 regnorum.
859 1392 880 1406 -
899 1358 1012 1422 iarcnla:
1034 1358 1167 1422 fulmine.
1189 1395 1209 1407 -
1229 1362 1275 1421 alie
1296 1361 1406 1423 aredio:
1423 1362 1519 1423 media
1533 1376 1611 1424 etate
1625 1384 1687 1425 sua.

401 1492 422 1507 -
441 1460 527 1523 aevis
547 1457 626 1521 usaria
647 1457 782 1543 lapillos:
803 1457 852 1522 hie
879 1473 967 1522 autor
993 1459 1133 1544 intelligit
1160 1475 1190 1522 et
1211 1459 1343 1543 loquitur
1369 1462 1405 1523 de
1431 1460 1513 1523 lonae
1533 1464 1638 1545 Sorgie
1659 1478 1689 1525 et

403 1560 558 1636 etuasitu.
578 1557 716 1644 quinas
737 1557 943 1631 celeberrimus
966 1574 1009 1622 est
1030 1561 1061 1621 in
1082 1562 1234 1643 provincia
1256 1560 1475 1635 llrclateqrsj„x‚v
1489 1581 1531 1633 m.
1545 1582 1687 1645 passuum

403 1658 442 1725 ab
462 1660 610 1725 Avlnione
629 1658 761 1735 distans3
781 1659 812 1721 in
832 1679 892 1742 quo
914 1660 981 1723 loco
1003 1659 1152 1735 Bucolica,
1166 1659 1307 1743 epistulas
1322 1676 1352 1723 et
1367 1660 1497 1724 Africam
1518 1661 1686 1724 decantavit

403 1773 528 1836 auctor3
549 1772 579 1822 et
600 1775 646 1821 est
666 1759 802 1821 omnium
822 1757 949 1821 sontium
971 1757 1180 1821 celeberrimus
1202 1761 1363 1823 amenitate
1384 1775 1413 1823 et
1434 1760 1592 1824 solitudine
1612 1780 1690 1824 coa-

404 1860 533 1943 splcuus,
555 1857 593 1922 de
619 1877 680 1944 quo
707 1872 796 1921 autor
821 1859 852 1921 in
879 1857 1056 1942 quibusdam
1084 1858 1217 1942 epistulis
1245 1862 1429 1923 mentionem
1457 1859 1535 1924 lacit.
1555 1895 1566 1909 ·
1585 1862 1689 1945 virgo:

404 1958 545 2045 Calyopc.
566 1993 587 2007 -
607 1957 766 2043 ceadrago:
789 1978 900 2041 aspera.
921 1993 932 2007 ·
952 1959 1104 2021 damnem:
1127 1958 1219 2022 filiam
1241 1962 1328 2022 Penei
1351 1959 1480 2023 fluminis
1502 1960 1651 2024 Thesalie.
1671 1996 1691 2009 ·

404 2058 516 2143 masiis:
538 2057 696 2122 thesalicis.
727 2093 739 2107 ·
769 2056 857 2122 lucis:
880 2079 1014 2143 parnaso.
1045 2093 1056 2108 ·
1087 2080 1221 2122 ramma:
1242 2059 1328 2137 lauri,
1353 2060 1428 2123 idest
1455 2062 1596 2123 virtutem
1624 2060 1692 2123 elo-

405 2158 527 2244 quentie
548 2173 577 2221 et
598 2177 715 2243 poesys.
735 2191 746 2206 ·
767 2177 937 2242 ataveartqua:
959 2160 1078 2221 Novem
1099 2161 1200 2221 Musas
1222 2159 1237 2242 (
1258 2159 1283 2243 )

486 2259 519 2320 vi
539 2255 613 2322 bella
634 2278 763 2321 movere:
786 2258 897 2341 Tangit
918 2257 1047 2320 fabulam
1068 2279 1126 2343 que
1147 2257 1185 2321 ab
1206 2260 1319 2322 Ovidio
1334 2261 1362 2321 V
1377 2260 1466 2322 atera.
1488 2261 1626 2344 ponitur:
1650 2260 1693 2322 Pi·

408 2377 484 2437 reus,
506 2358 645 2421 thessalie
673 2377 734 2435 rex,
764 2356 868 2420 habuit
896 2359 945 2441 vnj
981 2357 1135 2442 filiasque
1167 2358 1324 2421 voluerunt
1345 2381 1414 2422 cum
1443 2362 1536 2423 Musis
1563 2361 1694 2423 carmine

405 2459 576 2536 decertare3
597 2479 656 2543 que
677 2459 757 2521 victe
776 2460 906 2520 carmine
933 2480 950 2521 a
979 2460 1084 2533 Musis,
1105 2460 1135 2521 in
1157 2461 1236 2542 picas
1264 2459 1345 2521 luere
1365 2480 1516 2523 converse.
1539 2464 1615 2524 Nam
1637 2480 1694 2521 es-

406 2557 548 2622 cellentes
568 2575 657 2642 poete
684 2556 799 2620 emulos
826 2556 939 2620 habent
970 2574 1000 2620 et
1031 2559 1165 2642 garrulos
1193 2579 1263 2642 sepe
1290 2562 1342 2645 qui
1369 2560 1503 2623 volentes
1528 2581 1598 2623 cum
1624 2561 1694 2643 ipsis

406 2678 583 2724 concurrere
610 2657 772 2721 eluduntur
797 2673 827 2720 et
854 2678 924 2720 cum
952 2658 1125 2742 garrulitate
1153 2674 1316 2720 remanent.
1342 2695 1352 2707 -
1380 2659 1552 2722 Pirhrnens:
1581 2662 1694 2743 Tangit

405 2758 494 2822 aliam
526 2757 657 2821 fabulam
687 2778 776 2842 quarn
808 2760 891 2842 ponit
923 2758 1050 2821 Ovidius
1067 2758 1102 2820 .Ι.
1129 2761 1157 2821 V
1186 2759 1275 2821 Malla.
1306 2762 1481 2843 lasurgente
1512 2762 1693 2844 permaxima

405 2858 517 2944 pluvia,
544 2859 615 2921 dum
648 2860 735 2921 Muse
765 2857 801 2919 ad
832 2861 994 2921 Parnasum
1026 2874 1201 2935 remearent,
1229 2859 1419 2922 contulentnt
1446 2880 1478 2922 se
1506 2859 1542 2921 ad
1570 2860 1692 2922 domum

406 2958 544 3023 Pirltenei
565 2957 689 3021 thesalie
717 2958 866 3042 principis,
894 2973 1013 3021 etcum
1042 2959 1205 3042 excepisset
1226 2978 1285 3035 cas,
1306 2958 1403 3021 voluit
1430 2958 1541 3021 violare
1565 2980 1623 3044 que
1643 2980 1695 3043 per

404 3058 812 3124 fenestras-evolaverunt&
832 3059 904 3121 dum
925 3060 987 3143 ipse
1008 3079 1056 3120 eas
1078 3079 1183 3142 capere
1199 3058 1507 3142 nitebatur,delapsus
1529 3059 1693 3122 a.lenestra

405 3174 461 3237 est,
481 3174 512 3222 et
533 3158 647 3223 collum
676 3160 763 3243 rupit
785 3161 862 3223 Nam
883 3158 973 3243 aliqui
1002 3158 1107 3221 volunt
1128 3179 1251 3243 poesym
1280 3157 1427 3221 violenter
1447 3174 1477 3220 et
1497 3160 1561 3220 sine
1582 3160 1695 3220 ratione

405 3280 522 3322 sumere
543 3274 583 3337 et,
605 3280 674 3322 cum
702 3274 807 3344 putant
828 3280 859 3321 se
882 3257 1020 3335 valentes,
1044 3258 1248 3343 periclitantur
1267 3260 1336 3343 quia
1359 3257 1398 3320 nil
1426 3260 1555 3342 capiunt.
1576 3294 1587 3306 ·
1608 3259 1694 3319 Sacro

405 3359 440 3421 dc
461 3366 570 3422 morale:
594 3360 706 3443 Tangit
726 3358 855 3421 tabulam
884 3358 971 3421 aliam
992 3380 1081 3443 quam
1111 3360 1194 3441 ponit
1223 3358 1351 3421 Ovidius
1373 3361 1401 3420 V
1424 3357 1512 3420 taeta.
1535 3360 1598 3433 Qui
1621 3362 1696 3421 Per-

405 3479 474 3522 seus
495 3479 565 3522 curn
586 3458 682 3544 clipeo
704 3458 825 3543 palladis
846 3475 876 3520 et
897 3457 970 3521 laice
997 3461 1099 3520 martis
1127 3460 1277 3541 superavit
1299 3458 1454 3521 Medusam
1475 3473 1504 3520 et
1526 3473 1614 3541 caput
1635 3479 1695 3519 am·

408 3560 535 3643 putavit,
555 3558 591 3624 de
612 3562 697 3623 culus
718 3562 862 3643 sanguine
883 3574 968 3620 natus
997 3575 1042 3621 est
1068 3558 1163 3620 alatus
1185 3578 1288 3643 equus,
1309 3578 1362 3621 sen
1383 3578 1520 3642 pegasus,
1540 3559 1590 3643 qui
1613 3557 1695 3620 calce

479 4028 518 4092 (ι)
537 4020 592 4097 [Cr]
611 4026 729 4078 musica:
751 4024 866 4076 earmina
889 4040 944 4076 mee
967 4023 1115 4077 iuventutis.
1134 4053 1144 4064 ·
1162 4025 1282 4091 satanas:
1301 4024 1419 4077 homines
1444 4024 1583 4076 studiosos.
1601 4053 1610 4063 ·
1627 4025 1696 4073 dria·
1719 4025 1722 4032 ’

406 4118 467 4169 des:
485 4115 646 4169 adentifioos.
666 4144 675 4155 ·
692 4115 818 4182 capellas:
837 4115 963 4182 vulgares.
982 4144 991 4153 ·
1007 4123 1084 4182 apes:
1102 4112 1157 4185 [Ca]
1180 4113 1309 4166 llomiues
1331 4113 1424 4165 divites
1448 4131 1568 4182 spernere
1593 4113 1696 4164 divitias

407 4216 513 4277 propter
535 4207 629 4258 habere
654 4222 711 4257 mea
734 4204 856 4257 earmina.
875 4234 885 4245 -
901 4206 1018 4256 cicadas:
1043 4204 1160 4256 homines
1179 4206 1311 4256 verbosos.
1330 4234 1340 4245 ·
1359 4207 1465 4271 Argus:
1485 4204 1540 4256 Rex
1559 4204 1696 4255 Robertus.

326 4284 329 4288 ¹
406 4292 462 4371 [Ca]
481 4298 550 4349 Nota
567 4297 639 4365 quod
657 4296 701 4349 'rex
720 4312 792 4348 sacro
810 4294 928 4348 crismate
947 4296 1051 4363 ungitur
1068 4305 1094 4346 et
1113 4294 1172 4346 ideo
1190 4312 1270 4356 sacer,
1289 4296 1330 4346 vel
1349 4312 1419 4346 sacer
1437 4295 1499 4362 quia
1517 4293 1677 4346 scientificus.

481 4390 520 4453 (a)
537 4382 592 4461 [Cs]
611 4402 733 4438 rantum:
752 4385 884 4453 sapientie,
899 4385 955 4438 sine
967 4402 1020 4453 quo
1039 4402 1091 4436 nort
1103 4402 1241 4453 possumus
1259 4386 1292 4436 ad
1305 4385 1417 4435 lauream
1431 4384 1573 4451 pervenire,
1585 4394 1610 4434 et
1628 4384 1696 4434 istud

407 4481 452 4532 dat
470 4478 594 4547 Calliope,
612 4478 679 4529 idest
698 4478 781 4528 boam
800 4493 885 4528 mous.
911 4477 978 4527 Nam
997 4494 1055 4528 cura
1080 4477 1159 4528 homo
1177 4475 1275 4536 scribit,
1293 4474 1450 4543 acquirendo
1471 4474 1564 4525 lamam
1588 4473 1696 4540 acquirit

401 4568 576 4639 sapientiama
594 4578 618 4621 et
638 4567 712 4629 ratio,
730 4584 787 4619 eum
815 4568 847 4619 sit
873 4567 987 4636 Calliope
1014 4568 1103 4620 ultima
1128 4585 1268 4629 musarum,
1293 4578 1318 4618 et
1343 4566 1406 4618 alias
1433 4564 1608 4634 presupponit.
1633 4561 1696 4637 [cit]

410 4661 533 4712 trisulco:
552 4668 580 4711 ut
598 4659 668 4711 enim
686 4668 773 4710 narrat
786 4659 884 4710 Plinius
897 4659 924 4710 in
936 4662 1055 4709 araatnrala'
1067 4661 1183 4713 historia,
1198 4660 1307 4719 Laurus,
1322 4659 1416 4710 vitulus
1436 4656 1549 4710 marinus
1568 4666 1593 4708 et
1612 4654 1697 4724 aquila

410 4766 542 4821 nunquam
560 4749 689 4801 violantur
707 4749 821 4801 fulmine.
841 4778 850 4790 ·
868 4751 965 4817 spinei:
983 4750 1125 4802 avenionis.
