4125 5217
819 414 849 461 ll.
873 415 1060 463 uucottcuu
1084 417 1215 465 consiliu

837 547 1120 560 ·-—-

1001 1444 1030 1528 1.

655 1694 758 1782 Coo.
792 1724 834 1806 33
869 1698 992 1782 Ptur.
1027 1724 1073 1807 52
1104 1700 1388 1786 Launsnznxa

917 2060 1069 2158 [Beroea
1092 2064 1132 2161 1.]

460 2373 593 2437 Monice:
614 2370 732 2437 Titulus
746 2373 834 2436 huius
856 2372 971 2456 Egloge
992 2372 1087 2455 prime
1102 2387 1146 2435 est
1162 2370 1355 2455 «parthenius
1365 2398 1392 2450 s,
1406 2394 1468 2457 quo
1482 2376 1602 2438 nomine
1617 2398 1681 2439 νο·Ι

380 2488 464 2538 catus
485 2487 531 2537 est
551 2472 703 2555 Virgilius.
725 2475 803 2537 Nam
820 2499 835 2530 κ
849 2472 1016 2556 parthenios
1029 2497 1045 2529 a
1062 2492 1149 2555 grece
1164 2473 1210 2534 sir
1225 2471 1319 2535 bonus
1334 2487 1363 2535 et
1378 2472 1582 2556 probatissime
1597 2478 1665 2539 cite.

380 2576 420 2638 Et
439 2574 509 2657 quia
530 2573 673 2657 Virgilius
694 2571 759 2635 talis
781 2571 846 2648 fuit,
868 2572 934 2635 ideo
955 2572 1052 2635 dictus
1083 2586 1127 2634 est
1160 2571 1348 2654 parthenias3
1380 2587 1410 2636 et
1440 2574 1509 2658 quia
1530 2590 1617 2638 autor
1636 2578 1667 2637 in

381 2672 526 2756 principio
547 2672 634 2735 huius
650 2670 756 2755 egloge
775 2671 813 2733 de
835 2671 960 2754 Virgilio
983 2671 1124 2755 loquitur,
1146 2672 1202 2734 ltoc
1226 2672 1347 2733 nomine
1369 2672 1545 2735 intitulatur.
1561 2709 1572 2721 ·
1591 2675 1665 2738 Col·

381 2770 533 2835 locutores
550 2773 777 2835 suntMonicus
799 2787 829 2834 et
853 2771 972 2835 Siluius.
1005 2773 1141 2835 Monicus
1173 2771 1348 2856 intelligitur
1378 2772 1467 2835 irater
1487 2774 1667 2851 Gherardus,

381 2892 524 2935 monacus
545 2885 669 2948 certose,
691 2871 737 2933 vir
756 2886 857 2935 soracte
878 2887 908 2933 et
930 2870 1068 2955 religiose
1089 2873 1150 2933 rite
1181 2887 1211 2935 et
1237 2873 1404 2936 Germanus
1425 2874 1516 2957 ipsius
1536 2876 1667 2952 autoris,

381 2971 490 3035 dicitur
510 2973 589 3034 euim
610 2972 745 3034 monicus
766 2972 848 3055 qnasi
872 2970 1059 3048 monoculus,
1075 2971 1150 3034 idest
1170 2970 1283 3035 habens
1303 2970 1401 3036 solunt
1422 2993 1516 3035 unum
1535 2973 1667 3036 oculum.

321 3142 327 3153 ,
382 3087 503 3156 propter
521 3070 607 3156 quoti
620 3071 675 3147 sci,
695 3070 774 3155 quod
796 3070 936 3134 mortales
956 3070 1098 3134 dicuntur
1118 3070 1227 3134 habere
1248 3072 1323 3134 duos
1348 3062 1463 3151 oculos,
1484 3093 1578 3136 unum
1599 3095 1668 3136 cum

381 3191 442 3256 quo
463 3185 578 3234 terrena
598 3171 768 3255 inspiciunt,
789 3169 864 3233 idest
896 3170 1023 3246 divitias,
1046 3173 1204 3255 potentias,
1232 3171 1359 3256 gloriam
1391 3193 1508 3249 ranam,
1528 3173 1669 3235 domina·

383 3271 478 3333 tiones
499 3286 528 3334 et
548 3272 650 3333 inanes
670 3269 963 3347 circuunolutiones,
994 3269 1121 3333 alterum
1155 3292 1226 3333 reru
1258 3270 1377 3347 habent,
1398 3292 1468 3335 cum
1489 3293 1550 3356 quo
1571 3272 1667 3335 solum

382 3372 542 3455 inspiciunt
562 3370 680 3434 celestia
701 3386 731 3434 et
761 3374 884 3455 optima,
916 3387 945 3433 et
976 3392 1045 3434 cum
1077 3392 1138 3455 quo
1168 3372 1257 3433 deum
1289 3370 1538 3455 contemplantur.
1559 3372 1616 3454 ,tlij
1639 3376 1668 3435 in

382 3486 528 3554 utrunque
542 3486 654 3554 partem
669 3491 701 3533 se
722 3469 899 3545 resolvunt3
920 3470 982 3545 sed,
996 3471 1033 3533 ad
1055 3470 1129 3533 bene
1143 3486 1173 3532 et
1193 3473 1306 3555 optime
1320 3472 1531 3555 peragentium,
1551 3494 1610 3533 non
1625 3490 1669 3535 est

382 3591 457 3655 opus
479 3572 533 3634 nisi
555 3572 642 3633 unius
672 3569 762 3644 oculi,
783 3591 852 3634 cunt
883 3592 943 3655 quo
974 3571 1046 3632 deus
1077 3585 1106 3633 et
1137 3572 1251 3654 optima
1272 3572 1504 3654 conspiciuntur.
1532 3575 1579 3645 iit,
1600 3594 1669 3635 cum

383 3670 553 3735 Gherardus
575 3669 664 3733 talem
686 3671 832 3753 possideat
853 3670 974 3735 oculum
997 3668 1105 3744 solum,
1120 3670 1179 3733 alio
1193 3669 1334 3734 derelicto
1353 3692 1405 3733 seu
1421 3686 1549 3746 terreno,
1563 3672 1670 3735 dicitur

383 3771 519 3834 monicus
540 3771 622 3854 quasi
644 3769 839 3847 monoculus;
862 3770 908 3833 cel
930 3772 1066 3833 monicus
1095 3785 1193 3853 potest
1221 3772 1312 3834 etiam
1333 3770 1391 3834 dici
1411 3773 1495 3856 quasi
1518 3792 1669 3834 ntonacus.

383 3868 492 3933 Silvius
513 3885 557 3933 est
577 3871 639 3953 ipse
659 3862 818 3933 franciscus
840 3885 982 3953 petrarca,
1005 3885 1034 3933 et
1064 3870 1173 3933 dicitur
1202 3870 1315 3947 silvius,
1335 3873 1405 3956 quia
1436 3885 1506 3934 tuuc
1529 3874 1669 3954 temporis

381 3968 471 4032 silvas
492 3968 607 4033 colebat
628 3984 657 4032 et
678 3968 825 4032 solitarius
848 3969 976 4041 virebat,
998 3970 1160 4032 abhorrens
1181 3971 1316 4033 civitates
1342 3986 1372 4033 et
1393 3972 1549 4033 ciuitatum
1571 3972 1669 4054 impe-

382 4069 523 4134 dimentt.
546 4072 609 4153 lpse
630 4068 732 4131 silvius
753 4069 884 4154 loquitur
915 4069 1006 4145 fratri,
1035 4071 1221 4153 interrogans
1253 4090 1321 4131 eum
1348 4070 1501 4154 quomodo
1532 4070 1670 4132 inducere

383 4169 482 4253 potuit
501 4168 537 4231 ad
559 4189 590 4232 se
611 4168 808 4232 reducendum
830 4170 860 4231 in
881 4170 963 4232 dicto
985 4171 1176 4245 tnonasterio,
1191 4185 1220 4231 et
1239 4171 1280 4231 sic
1296 4170 1417 4253 incipit:
1435 4156 1580 4239 «.liuirin·,
1595 4168 1670 4230 solos

383 4266 711 4352 rundt'lnslilri»,quia
733 4268 879 4330 eumden
901 4269 1111 4353 contemplaris
1133 4286 1163 4332 ct
1193 4267 1259 4331 solo
1290 4268 1550 4352 contemplationis
1580 4268 1670 4330 oculo

382 4366 472 4430 deum
493 4368 631 4451 inspicis;
651 4367 719 4450 quia
741 4365 865 4429 aliarum
886 4388 1069 4430 cumrerum
1091 4369 1121 4429 in
1137 4384 1166 4429 te
1187 4366 1341 4431 submersa
1356 4384 1400 4430 est
1422 4383 1450 4429 et
1471 4368 1545 4429 alius
1565 4366 1669 4429 oculus

382 4480 502 4529 cecatus
523 4480 577 4541 est,
592 4480 620 4527 et
642 4467 763 4549 potuisti
785 4488 922 4549 spernere
944 4469 1042 4550 gegis
1064 4488 1177 4537 curam,
1192 4467 1347 4530 hominum
1364 4483 1392 4531 ct
1414 4468 1669 4529 cmncrsationcm

380 4564 544 4627 secularem
566 4579 595 4626 et
618 4567 701 4640 ruris,
716 4566 790 4627 idest
812 4568 949 4628 civitatis.
964 4569 1060 4630 -.lsr
1080 4589 1138 4650 rgo.
1161 4588 1213 4628 sen
1238 4566 1407 4639 franciscus,
1430 4568 1558 4627 clamosus
1579 4565 1668 4628 calin.

383 4664 459 4726 idest
480 4679 614 4746 potentes
636 4664 715 4725 uiros
736 4680 765 4726 et
787 4666 933 4748 principes
954 4683 983 4727 et
1004 4665 1143 4727 clominos
1163 4667 1213 4749 qui
1239 4665 1366 4739 dumosi,
1393 4666 1503 4749 spinosi
1525 4679 1555 4725 et
1575 4666 1669 4746 uspcri

383 4778 473 4842 sunt;
494 4763 561 4849 quia
584 4764 645 4845 ipse
666 4761 825 4826 franciscus
846 4783 962 4848 semper
982 4785 1052 4827 cum
1085 4764 1276 4848 principibus,
1298 4763 1416 4849 regibus
1447 4778 1476 4827 et
1501 4755 1673 4846 proceribus
1759 4800 1764 4805 -
