4125 5217
397 413 460 498 278
901 428 1052 479 amomo
1075 429 1183 479 avana

481 693 508 754 0
526 690 690 777 pecudum:
717 689 886 773 Respondet
916 691 1001 753 ilitio
1030 689 1151 753 laudans
1180 692 1305 754 amicam
1327 707 1356 755 et
1378 692 1507 777 disponit
1528 694 1631 772 lacere,
1653 712 1687 760 ut

400 794 471 875 egit,
494 790 604 854 multos
625 790 787 854 cardinales
809 812 845 853 ex
866 792 937 864 suis,
951 792 1002 874 qui
1017 789 1187 854 clementini
1202 792 1273 854 dicti
1288 807 1366 865 sunt;
1383 793 1432 854 sed
1449 813 1541 855 unum
1555 792 1687 859 italicum

400 890 465 953 vult
486 894 624 954 inserere.
645 927 665 938 -
680 889 774 975 floren
796 890 902 953 collis:
925 889 1025 953 italica
1049 892 1131 973 regio
1154 889 1269 952 nobilis.
1292 927 1311 938 -
1332 892 1419 953 arui:
1442 894 1534 975 regni,
1552 893 1598 955 cel
1619 897 1687 978 quia

378 994 380 998 ”
402 990 494 1054 Italici
515 1005 659 1075 spernunt
684 1007 714 1052 et
734 1003 951 1073 contempnunt
972 1009 1077 1050 omnes
1105 988 1176 1052 alias
1199 993 1341 1053 nationes.
1370 1027 1380 1039 ·
1406 991 1536 1076 pellicis:
1558 992 1648 1056 Italic.
1669 1029 1689 1041 -

402 1090 611 1154 timridtmdus:
631 1091 776 1152 moriatur
796 1105 863 1151 ante
885 1110 975 1175 quam
996 1109 1091 1152 annus
1113 1088 1196 1152 liniat
1217 1089 1277 1174 (r).

908 1457 1056 1552 [Ectoea
1080 1459 1183 1553 vot]

483 1786 547 1848 llec
568 1798 613 1848 est
634 1800 740 1848 octava
762 1783 888 1869 egloga:
904 1783 1008 1847 titulus
1029 1786 1093 1847 eius
1109 1786 1329 1847 «Dicortium»
1344 1786 1505 1847 dicitur.ln
1526 1785 1582 1850 hac
1604 1785 1693 1850 collo

401 1902 521 1952 cutores
542 1899 613 1947 sunt
633 1884 813 1948 Gaoitnedes
829 1898 858 1945 et
872 1883 1013 1947 Attticlas.
1029 1885 1061 1946 ln
1079 1904 1136 1968 qua
1152 1898 1238 1968 poeta
1253 1883 1378 1946 intendit
1391 1884 1553 1947 discessum
1567 1905 1656 1948 suunt
1676 1907 1692 1948 a

403 1984 501 2048 Gallia
527 1986 731 2047 demonstrare
759 1999 788 2046 et
809 1984 970 2046 divortium
999 2004 1015 2045 a
1042 1984 1172 2046 iohanne
1193 1982 1378 2046 colomnensi
1400 1982 1548 2048 cardinali
1571 2005 1693 2047 romano

402 2083 481 2168 apud
501 2105 592 2169 quem
613 2104 666 2167 per
686 2083 769 2167 plura
791 2083 882 2147 lustra
904 2081 1008 2146 luerat.
1030 2082 1118 2148 Unde
1139 2082 1308 2165 ganimeden
1330 2085 1391 2167 ipae
1411 2084 1567 2148 cardinalis
1588 2084 1695 2147 dicitur

403 2193 427 2247 a·
446 2183 611 2248 Ganimede
640 2198 766 2268 troyano
792 2183 829 2244 ad
858 2182 1019 2246 concilium
1048 2182 1172 2245 deorum
1201 2199 1285 2267 rapto
1312 2204 1364 2267 per
1392 2186 1491 2247 locem
1517 2186 1547 2244 in
1567 2183 1692 2245 fonnam

403 2282 502 2367 aquile
523 2281 776 2357 transformatum,
804 2282 841 2343 de
868 2302 929 2365 quo
954 2297 1058 2343 notam
1086 2280 1217 2344 fabulam
1240 2281 1341 2345 scribit
1367 2283 1483 2344 ovidius
1507 2282 1594 2344 dicti.
1617 2282 1692 2345 libro

403 2381 530 2444 decimo.
558 2381 607 2444 Sic
636 2396 665 2443 et
693 2382 748 2443 iste
775 2379 811 2442 ad
838 2380 998 2463 collegium
1026 2378 1220 2443 cardinalium
1246 2395 1357 2444 tractus
1385 2396 1437 2442 est.
1466 2380 1597 2444 Antielas
1624 2402 1693 2444 cero

403 2480 467 2562 ipse
488 2494 575 2564 poeta
597 2495 642 2541 eet
662 2502 679 2542 a
702 2481 889 2562 pauperrimo
916 2478 968 2541 sed
996 2477 1094 2540 liberri
1123 2480 1213 2541 animi
1243 2495 1369 2562 pastore,
1390 2479 1427 2542 de
1448 2482 1532 2542 cuius
1554 2479 1643 2542 libera
1666 2496 1694 2543 et

403 2599 507 2641 secura
529 2581 589 2641 vita
611 2580 781 2662 precipuatn
804 2581 987 2640 mentionem
1008 2577 1078 2642 lacit
1099 2576 1223 2640 lucanus
1244 2577 1319 2641 libro
1339 2580 1444 2662 quinto
1466 2579 1481 2661 (
1502 2580 1527 2663 ).

404 2970 479 3021 dulce
497 2970 565 3036 quod
585 2969 638 3021 exit
656 2971 689 3021 de
709 2969 773 3020 uvis.
792 2997 801 3010 ·
821 2971 865 3021 En
888 2987 985 3037 quoqne
1004 2978 1069 3036 por:
1094 2970 1234 3021 Enumerare
1258 2969 1323 3021 duos
1344 2969 1409 3020 alios
1430 2969 1574 3037 episcopos,
1586 2986 1695 3037 qnorum

394 3059 692 3110 ‘coercerat-dedomo
712 3060 865 3110 Urcincrum
884 3069 910 3110 et
927 3059 994 3109 alius
1013 3058 1191 3125 neapolitanus
1204 3058 1248 3125 qui
1261 3059 1420 3110 conabuntur
1438 3059 1534 3109 corlant
1548 3059 1575 3109 in
1595 3059 1694 3110 ltaliam

405 3148 525 3199 reducere
543 3160 604 3199 ante
623 3149 675 3199 sint
695 3149 773 3200 fiendi
790 3148 942 3200 cardinales.
964 3178 971 3187 -
992 3150 1116 3214 mnaaeley:
1136 3149 1252 3199 Romane
1270 3159 1295 3200 et
1316 3149 1493 3216 Neapolitcne.
1517 3178 1525 3187 -
1550 3153 1644 3199 salem.
1664 3152 1696 3201 ei·

405 3238 512 3300 ritatem
530 3240 592 3305 quic
612 3250 737 3291 venerunt
756 3249 870 3291 oratores
889 3256 936 3307 pro
955 3239 1040 3290 italien
1060 3240 1172 3306 natique.
1191 3268 1200 3277 ·
1218 3240 1299 3290 lucis:
1318 3239 1389 3290 silvis
1406 3250 1431 3288 et
1450 3239 1595 3290 civitatibus
1623 3241 1697 3290 ultre·

405 3329 544 3381 montenis.

475 3423 514 3484 (t)
534 3420 649 3471 radenti:
668 3420 729 3488 quia
749 3420 808 3488 pilei
827 3420 996 3471 cardinalium
1015 3429 1075 3470 sunt
1102 3419 1183 3470 rubei.
1208 3448 1216 3458 ·
1242 3420 1323 3469 Hunc
1350 3427 1447 3470 datram:
1475 3430 1596 3470 memorat
1618 3437 1696 3471 unum

404 3510 577 3569 florentinum,
595 3527 672 3577 quent
692 3511 853 3562 deairleralrat
872 3511 946 3560 valde
966 3510 1048 3561 lacere
1070 3509 1234 3560 cardinalem.
1256 3538 1264 3549 -
1284 3510 1340 3576 Epy
1363 3509 1513 3560 contradicit
1532 3528 1589 3560 cum
1616 3509 1697 3577 patria

404 3601 472 3652 unde
491 3612 562 3651 ortuc
581 3600 673 3660 luerat,
692 3601 783 3653 inlecta
802 3599 924 3668 papatui3
944 3617 996 3650 noo
1016 3599 1071 3656 sine
1090 3617 1167 3651 causa
1186 3599 1304 3666 prohibet
1323 3601 1391 3651 hunc
1409 3599 1472 3659 fieri,
1491 3618 1548 3650 curn
1568 3600 1696 3650 florentini

404 3689 456 3740 sint
476 3690 594 3742 homines
614 3691 784 3750 selectiasimi,
803 3692 836 3741 de
854 3690 921 3742 sacili
940 3699 1061 3758 poterunt
1080 3689 1193 3740 octiuere
1211 3690 1281 3757 quod
1300 3690 1388 3740 volunt
1401 3689 1547 3740 infestando
1565 3699 1696 3756 papatum.

403 3808 413 3819 ·
422 3780 505 3845 floren
524 3783 618 3831 collis:
639 3781 781 3832 llorentinn.
800 3810 809 3819 ·
825 3781 937 3845 latericia:
958 3780 1090 3839 florentie;
1108 3791 1192 3830 tamen
1206 3780 1285 3831 lactus
1304 3779 1351 3831 suit
1369 3779 1507 3830 cardinalis
1524 3796 1582 3831 cunt
1601 3779 1697 3830 auxilio

405 3870 609 3931 florentinorum,
627 3872 674 3922 aed
693 3888 782 3938 patrum
802 3870 874 3931 vixit,
886 3863 947 3938 quin
960 3870 987 3921 in
1000 3873 1090 3940 eodem
1104 3887 1173 3921 anno
1187 3880 1301 3921 mortuus
1314 3870 1360 3921 luit
1378 3886 1431 3936 quo
1443 3869 1581 3921 cardinalis
1594 3871 1697 3921 effeetus

404 3969 466 4010 erat.
489 3989 498 3999 ·
518 3977 556 4010 res
575 3978 686 4027 niagno:
705 3971 733 4011 ut
752 3961 882 4012 florentini
900 3960 979 4011 astuti
997 3977 1051 4011 non
1070 3960 1174 4010 veniant
1193 3960 1225 4009 ad
1244 3960 1349 4011 curiam.

476 4054 515 4115 (2)
535 4045 589 4123 [Cr]
610 4050 662 4101 lste
681 4060 720 4102 est
738 4060 827 4101 cetera
846 4050 938 4118 egloga
957 4050 984 4101 in
1002 4066 1054 4118 quc
1078 4060 1116 4101 est
1142 4050 1251 4115 intentio
1274 4050 1371 4101 autoris
1393 4067 1493 4101 aramme
1518 4051 1697 4102 commendare

403 4139 547 4191 libertatem
573 4157 603 4191 ac
629 4140 686 4191 ittoa
712 4141 757 4207 qui
783 4152 931 4208 proponunt
956 4142 1043 4192 omnia
1068 4158 1115 4208 pro
1143 4141 1297 4199 libertatem,
1320 4141 1481 4192 ostendendo
1505 4141 1574 4206 quod
1600 4149 1697 4206 quanto

403 4230 482 4281 homo
500 4239 539 4281 est
558 4229 696 4280 virtuoaior
716 4242 787 4281 tanto
805 4242 844 4281 eet
863 4230 983 4281 liberior:
1002 4241 1027 4283 et
1047 4239 1139 4280 cetera.
1161 4230 1189 4278 ln
1209 4246 1260 4294 qua
1279 4228 1387 4296 egloglta
1412 4227 1550 4279 introducit
1568 4229 1633 4278 duos
1652 4246 1695 4295 pc·

404 4331 495 4378 stores,
515 4336 560 4370 reu
580 4319 750 4370 Gcnimedem
770 4331 795 4371 et
816 4321 950 4372 amictam.
970 4320 1137 4377 Ganimedea,
1156 4319 1222 4368 irlect
1242 4336 1358 4369 summus
1374 4330 1470 4386 pastor,
1489 4335 1536 4386 pro
1554 4335 1606 4385 quo
1624 4318 1697 4368 intel·

404 4409 459 4475 tigit
478 4410 612 4460 dominum
639 4410 780 4460 iohannem
805 4409 959 4461 cardinalem
979 4411 1011 4460 ‹le
1030 4409 1165 4460 Columna.
1186 4409 1218 4457 llt
1236 4408 1297 4475 quia
1323 4409 1388 4459 sieut
1414 4409 1571 4459 Ganimedes
1594 4408 1641 4458 luit
1664 4408 1697 4458 de

404 4499 482 4550 nobili
503 4512 528 4549 et
548 4499 627 4565 reguli
646 4498 775 4566 prosapia,
795 4500 833 4549 lta
853 4501 900 4550 inte
919 4499 1074 4557 cardinalic;
1094 4517 1139 4566 per
1158 4498 1282 4548 ,tmictam
1297 4498 1410 4565 intellige
1423 4508 1548 4557 autorem,
1560 4498 1620 4565 quia
1633 4483 1697 4547 sieut

404 4590 517 4640 amotae
536 4607 658 4641 exercens
677 4603 757 4639 artem
779 4607 850 4639 suam
871 4608 927 4640 cnm
948 4608 1027 4656 pauen
1046 4591 1130 4639 ciuilia
1150 4590 1194 4639 eliu
1215 4591 1283 4638 stem
1302 4589 1371 4655 apttd
1389 4588 1449 4638 litus
1477 4589 1555 4638 maris
1573 4596 1598 4639 et
1618 4586 1696 4637 nichil

403 4683 513 4729 lucratus
533 4681 623 4740 luerat,
643 4682 674 4730 tlt
694 4681 730 4731 sic
750 4690 824 4730 autor
843 4681 885 4730 aliu
906 4690 1009 4731 *tederet
1028 4678 1054 4729 io
1077 4680 1204 4743 Ariniooe
1224 4693 1248 4730 et
1269 4680 1304 4730 nil
1324 4680 1434 4729 lucratus
1453 4679 1559 4729 interut
1573 4680 1609 4729 sic
1622 4690 1696 4728 autor

396 4770 496 4817 ·-o.1¹aat
513 4772 547 4818 ab
566 4770 665 4820 .·t1..n'2·
677 4789 700 4820 ιτ
721 4772 839 4821 rccdere
858 4781 962 4839 propter
977 4769 1099 4836 vitiaque
1114 4770 1148 4819 ild
1163 4771 1282 4836 rigabant
1295 4781 1319 4821 et
1334 4769 1434 4820 volebat
1448 4769 1542 4820 reverti
1555 4769 1581 4819 in
1595 4767 1696 4819 ltnlintu
