4125 5217
391 409 457 475 260
871 463 877 473 .
899 421 1051 472 ausonio
1073 421 1181 470 nunus

397 559 681 571 um

472 689 566 772 Super
597 686 693 747 ‹araurin
721 682 827 768 phebo:
858 682 986 746 Ovidius
1019 682 1063 765 p.⁰
1094 680 1368 766 dirlhnurorpbosros
1399 683 1538 746 describit
1568 684 1686 767 quando

392 787 511 871 Cupido
533 789 679 871 percussit
701 784 830 867 phebuiu
854 786 960 866 sagitta
983 804 1072 845 aurea
1087 798 1116 845 et
1137 781 1218 844 illico
1238 783 1345 843 exarsit
1366 784 1396 843 iu
1417 783 1575 866 darnpuein
1598 782 1687 845 liliaur

395 889 482 971 Penej
508 887 629 968 Accisij,
651 905 740 969 quam
763 886 825 967 ipse
846 882 960 967 phebus
988 884 1067 966 cepit
1088 883 1202 966 insequi
1229 895 1259 943 et
1280 879 1328 942 illa
1350 881 1452 962 lugere
1473 897 1502 943 ct
1524 902 1591 943 eum
1612 903 1689 964 sper·

395 1006 485 1064 uere;
508 1000 549 1060 et,
570 1005 641 1047 cum
664 983 743 1066 lapsa
772 982 841 1066 luge
869 980 971 1044 labore
999 997 1086 1052 esset,
1109 981 1242 1065 pervenit
1262 978 1298 1041 ad
1326 999 1452 1062 peneum
1475 979 1609 1054 lluviurn,
1630 1000 1687 1062 ope

396 1102 525 1171 precata,
547 1104 606 1168 que
628 1086 659 1146 iu
681 1082 797 1145 laurum
820 1098 864 1143 est
886 1102 1049 1157 couversa;
1070 1080 1109 1142 ob
1130 1081 1209 1164 quod
1238 1078 1350 1163 phebus
1371 1078 1452 1140 illam
1474 1078 1610 1140 arborem
1631 1078 1685 1141 sibi

395 1186 492 1249 voluit
512 1197 729 1247 consecratam.
751 1218 762 1229 ·
782 1202 871 1243 urrn:
893 1179 948 1256 sol,
970 1201 1022 1243 seu
1045 1179 1157 1265 phebus
1179 1178 1364 1263 pharetratus
1386 1194 1506 1241 etcum
1528 1198 1597 1241 arcu
1620 1179 1689 1260 pin·

396 1287 478 1371 gitur
496 1284 567 1368 quia
589 1284 766 1347 exterminat
788 1281 929 1343 humores
948 1281 1080 1344 sicciute
1099 1295 1129 1343 et
1149 1277 1265 1341 extollit
1279 1298 1413 1364 vapores,
1431 1277 1553 1373 attrahit
1574 1298 1690 1341 sursum

395 1382 562 1467 dequibus
584 1402 661 1466 aqua
683 1379 725 1443 lit.

478 1483 613 1566 iugenio:
636 1479 698 1556 Sol,
719 1501 735 1541 a
758 1480 803 1541 sui
826 1480 1016 1564 proprietate,
1038 1493 1191 1540 nascentes
1212 1476 1268 1540 sub
1282 1478 1368 1562 signo
1389 1498 1445 1538 suo
1466 1475 1535 1541 lacit
1556 1476 1691 1540 homines

397 1581 665 1666 ingeniosissimos.
687 1614 696 1626 ·
718 1577 850 1662 rathero:
873 1580 941 1663 quia
971 1580 1061 1641 etiam
1088 1579 1218 1660 optimos
1247 1575 1317 1639 lacit
1344 1576 1532 1661 cytharistas.
1555 1578 1692 1640 Etenim

397 1680 512 1745 cithera
535 1680 574 1762 vij
598 1678 688 1741 habet
715 1678 830 1753 cordas,
851 1679 920 1763 quia
948 1676 999 1741 Sol
1028 1692 1111 1740 tenet
1138 1678 1360 1759 proportionem
1390 1677 1427 1759 vij
1451 1675 1637 1760 planetarum
1664 1691 1694 1739 ct

398 1779 592 1843 concordiam
614 1780 705 1840 ruittit
728 1779 804 1840 iuter
824 1776 966 1861 planetas.
981 1813 1000 1824 -
1014 1779 1106 1840 senis:
1122 1778 1207 1861 penei
1222 1775 1362 1854 llumiuis,
1378 1776 1426 1839 ubi
1445 1796 1502 1860 ego
1524 1778 1554 1838 in
1575 1775 1692 1839 laururu

397 1898 468 1942 suni
491 1898 645 1941 conversa.

482 1978 641 2064 Quisquis:
664 1974 712 2039 bic
728 1991 772 2038 est
786 1974 861 2038 alius
876 1974 1022 2062 dyalogus
1037 1977 1067 2037 in
1081 1996 1142 2060 quo
1156 1977 1284 2060 Stupeus
1298 1992 1418 2039 accusat
1431 1977 1560 2060 seipsum
1577 1992 1606 2040 et
1619 1976 1692 2040 alios

398 2092 534 2160 petentes
549 2076 675 2140 nimium
692 2095 797 2137 uxores
814 2074 947 2151 nobiles3
962 2075 1068 2138 deiude
1082 2096 1113 2136 se
1128 2090 1249 2138 excusat
1264 2090 1293 2137 ct
1307 2075 1358 2136 dat
1372 2075 1511 2137 omnibus
1526 2076 1693 2139 consilium.

397 2177 562 2237 ·nrnioro:
585 2175 735 2258 coniugia.
757 2209 767 2221 -
789 2175 898 2236 vetatis:
922 2174 1218 2244 murmurationibus.
1239 2209 1250 2221 ·
1271 2196 1372 2237 error:
1395 2177 1462 2259 quia
1490 2175 1625 2238 homines
1646 2196 1694 2239 co

399 2276 531 2337 munitor
558 2289 686 2358 querunt
716 2276 795 2358 paria
823 2275 974 2358 coniugia.
995 2310 1005 2322 -
1028 2273 1131 2337 lnlrur:
1155 2275 1268 2337 utinam
1297 2289 1358 2337 tam
1379 2273 1641 2339 laboriosissimam
1664 2292 1693 2340 et

399 2374 491 2437 altam
513 2375 673 2456 coniugem
698 2394 757 2436 non
780 2375 961 2457 petivissem,
982 2395 1034 2437 seu
1057 2376 1204 2458 poeticam
1226 2373 1415 2437 facultatem!
1438 2374 1453 2457 (
1474 2374 1499 2458 ).

485 2470 607 2535 Tribus:
632 2474 693 2533 lam
716 2492 754 2534 xv
776 2473 861 2533 anuis
882 2474 912 2534 in
933 2473 1034 2555 poesia
1056 2473 1208 2535 studuerat
1236 2488 1304 2535 ante
1332 2472 1419 2536 huius
1446 2473 1553 2557 eglogc
1574 2494 1692 2558 compo

399 2574 570 2636 sirionem...
601 2592 669 2633 nam
698 2572 727 2632 in
756 2572 881 2674 pueritia
909 2587 977 2634 ante
1005 2592 1045 2635 xv
1067 2593 1179 2634 annum
1206 2574 1285 2655 cepit
1314 2574 1344 2635 in
1373 2575 1490 2657 poetica
1513 2576 1652 2637 exerceri.
1673 2610 1693 2621 -

471 3016 519 3088 [N]
532 3019 648 3086 phebus:
667 3028 706 3071 est
731 3019 796 3070 deus
822 3017 956 3086 sapientie,
974 3019 1040 3071 deus
1065 3018 1219 3087 pulsationis
1243 3027 1269 3071 et
1294 3019 1358 3071 deus
1385 3018 1547 3071 venationis:
1565 3020 1629 3072 deus
1655 3038 1692 3072 sa·

399 3106 496 3177 pientie
514 3108 844 3176 quissent-arcurnpidest
864 3109 1015 3177 sapientiam
1041 3127 1092 3178 que
1111 3109 1239 3177 sepientes
1259 3118 1359 3170 tuetur;
1378 3111 1441 3160 deus
1460 3109 1613 3177 pulsationis
1631 3109 1693 3177 quia

400 3199 448 3251 lert
466 3198 600 3261 eitherarn,
618 3199 680 3266 quia
698 3210 736 3251 est
755 3200 914 3267 ingeniosus,
933 3202 1056 3269 eloquens
1074 3212 1100 3252 et
1118 3201 1241 3252 secundm
1260 3198 1322 3271 (que
1340 3200 1437 3251 cithera
1455 3200 1518 3251 solis
1537 3201 1613 3253 hahet
1631 3210 1692 3252 tres·

399 3291 491 3341 bordas
509 3289 571 3357 quia
590 3299 715 3357 temperat
735 3292 758 3356 vj
778 3291 894 3359 planetas
913 3309 971 3342 euna
991 3292 1069 3358 radijs
1087 3302 1113 3343 et
1132 3291 1224 3352 calore,
1242 3291 1364 3359 quoniam
1383 3290 1486 3357 positus
1502 3301 1541 3342 est
1560 3290 1587 3342 in
1607 3292 1692 3344 medio

399 3379 572 3447 planetarum)
591 3389 617 3431 et
636 3382 699 3431 deus
718 3380 872 3441 venationis,
891 3380 952 3447 quin
971 3381 1018 3431 lert
1038 3382 1150 3449 sagiptas
1169 3392 1194 3432 et
1212 3398 1298 3431 comas
1311 3391 1336 3432 et
1349 3380 1408 3431 ideo
1421 3391 1525 3432 vocatur
1543 3382 1628 3448 apollo
1646 3382 1692 3433 cri·

399 3468 479 3531 nitus,
498 3469 564 3520 idest
584 3470 707 3520 emictens
727 3469 812 3520 radios
831 3469 876 3537 qui
896 3480 955 3520 sunt
968 3471 1051 3521 crines
1065 3471 1126 3521 solis
1136 3491 1143 3531 ;
1155 3470 1198 3538 qui
1212 3471 1304 3522 dicitur
1316 3488 1374 3522 esse
1387 3470 1454 3521 lilius
1474 3470 1542 3521 lovis
1561 3472 1691 3540 quoniam,

399 3560 504 3626 quando
523 3560 562 3610 sol
581 3568 620 3609 est
639 3560 790 3609 coniunctus
810 3559 871 3626 iovj,
890 3560 985 3610 hahent
1010 3558 1116 3611 influere
1135 3561 1231 3611 bonum
1251 3561 1300 3630 ipsi
1319 3562 1395 3611 ambo
1414 3561 1525 3628 planete.
1545 3590 1554 3600 ·
1571 3562 1691 3613 cithara:

399 3647 467 3699 idest
486 3648 602 3700 scientia.

472 3743 512 3807 (ι)
530 3737 585 3814 [Cr]
604 3744 702 3793 ritem:
721 3741 876 3809 eloquentia.
890 3772 900 3782 -
912 3744 1035 3810 susurris:
1053 3758 1178 3810 penneus,
1196 3742 1263 3794 lilius
1281 3742 1411 3805 Thesalie,
1430 3742 1500 3795 iuxta
1518 3744 1590 3797 euius
1608 3744 1690 3813 ripam

399 3832 499 3899 phebus
518 3833 644 3884 convertit
664 3835 783 3884 damnem
804 3833 830 3882 in
850 3834 959 3894 laurum,
971 3833 1032 3901 quia
1050 3833 1134 3884 renuit
1148 3834 1231 3901 ipsum
1244 3851 1370 3895 onorare;
1389 3835 1450 3886 dicit
1463 3837 1541 3885 την-ω’
1550 3834 1612 3903 quia
1623 3835 1691 3903 Ripa

400 3921 455 3972 sive
473 3939 565 3974 cursus
584 3924 653 3989 flurij
673 3910 781 3991 plicatus
799 3934 847 3975 est.
866 3952 875 3962 -
891 3941 1003 3976 saxum:
1022 3924 1088 3975 idest
1114 3932 1201 3990 pectus
1226 3941 1310 3975 meum
1336 3926 1428 3975 dururn
1453 3925 1518 3978 sieut
1544 3944 1633 3977 saxum
1657 3928 1689 3977 ad

399 4012 567 4064 dornandurn.
587 4042 596 4053 ·
615 4016 714 4065 tribus:
733 4014 788 4085 [Cs]
807 4015 876 4065 Nota
894 4016 962 4082 quod
981 4021 1055 4066 autor
1074 4032 1175 4083 semper
1196 4016 1333 4083 dampnem
1357 4016 1456 4077 dilexit,
1478 4015 1551 4068 euius
1576 4034 1689 4069 amorem

400 4102 488 4153 multis
508 4105 668 4172 temporibus
686 4105 830 4157 occultavit.
854 4105 921 4156 Num
948 4104 1004 4171 ipse
1027 4104 1125 4155 studuit
1143 4105 1218 4155 annis
1245 4104 1295 4154 Vll
1315 4106 1414 4172 legibus
1433 4116 1459 4157 et
1477 4117 1563 4159 tamen
1582 4107 1690 4160 latenter

393 4188 548 4244 'auctoribus
567 4196 704 4256 studebam
723 4207 813 4263 postea
832 4194 902 4246 stetit
920 4211 967 4262 per
984 4212 1067 4246 annos
1088 4195 1138 4245 vu
1157 4205 1217 4247 ante
1235 4211 1312 4263 quarn
1331 4195 1436 4247 haberet
1456 4196 1548 4248 larnain
1561 4197 1690 4265 aliquam

400 4281 460 4334 idco
478 4282 558 4335 dicit:
579 4287 660 4335 lsa'dus
670 4286 776 4335 'lustris
1548 4355 1551 4359 Α

473 4369 519 4446 [N]
540 4376 621 4424 nimis
638 4377 712 4426 altra:
732 4375 785 4426 noli
804 4384 891 4442 petere
917 4375 1039 4427 maiorem
1066 4375 1198 4428 seientiam
1221 4376 1342 4444 quoniam
1369 4394 1421 4428 non
1441 4377 1537 4445 poteris
1556 4377 1689 4445 pervenire

397 4464 433 4514 ad
460 4463 546 4522 finem,
566 4466 611 4515 sed
638 4482 701 4531 cape
726 4464 858 4517 seientiam
885 4466 1069 4528 eornuniorern,
1088 4476 1115 4517 ut
1142 4467 1175 4516 arl
1202 4476 1295 4517 metam
1325 4466 1409 4534 poscis
1434 4467 1568 4535 pervenire
1592 4467 1688 4518 diutius

398 4554 570 4621 concupitam.
590 4584 599 4593 ·
618 4556 748 4607 hercules:
766 4555 793 4606 in
821 4565 919 4607 tanturn
946 4555 991 4606 luit
1019 4557 1151 4623 lilocaptus
1175 4574 1205 4608 ex
1229 4557 1282 4623 J'ole
1307 4559 1375 4624 quod
1396 4558 1442 4609 luit
1461 4570 1563 4610 coactus
1583 4557 1688 4608 induere

398 4653 484 4695 vestes
503 4644 626 4694 femineas
645 4662 675 4696 ac
693 4646 769 4696 etiarn
789 4648 894 4697 anulum
914 4658 938 4698 et
958 4647 1072 4713 permisit
1093 4658 1119 4697 ut
1138 4648 1187 4698 sibi
1206 4648 1288 4715 capud
1308 4648 1462 4699 ablueretur.
