4125 5217
814 372 846 423 rt
867 372 1055 423 sucocrcusr
1078 373 1208 422 maara
1495 354 1501 366 ‘
1589 369 1650 421 201

375 495 1652 521 ——d-——mffl

373 634 566 717 cupiditates;
587 642 613 695 el
633 640 724 696 raosler
743 636 874 718 prolium
904 641 966 704 erfo,
989 655 1041 696 seu
1073 649 1154 697 totus
1185 636 1317 697 intentus
1348 635 1385 697 ad
1417 634 1493 696 hanc
1525 650 1654 695 nostram

375 735 526 796 scientiam
548 734 705 816 poeticam,
726 732 865 794 comibus
896 732 1044 795 obmissis.
1065 767 1075 781 ·
1097 734 1180 794 Nure
1205 732 1338 816 vigilasse
1366 734 1468 795 immi:
1491 734 1657 815 Respondet

375 848 515 916 stupeus:
537 853 615 896 nunc
637 834 718 894 iuvat
741 853 788 895 me
810 832 956 912 vigilasse,
979 832 1053 894 idest
1074 832 1172 894 studio
1193 849 1222 895 et
1244 831 1361 909 labore;
1382 831 1470 895 dulce
1491 848 1536 895 est
1557 835 1657 894 areim-

376 934 454 994 nisse
475 930 620 1006 laborum,
642 945 798 1014 postquam
819 951 894 993 onos
916 946 1035 994 secutus
1057 948 1101 993 est
1124 952 1181 993 me.

830 1393 832 1397 ⁴
895 1369 1045 1466 [caroea
1069 1371 1139 1467 Ν]

460 1739 670 1800 decurremus
691 1735 779 1798 huius
800 1736 907 1819 egloge
928 1735 987 1798 tale
1008 1752 1072 1799 est:
1095 1738 1161 1798 Fuit
1181 1736 1300 1819 quidam
1328 1734 1453 1819 gallicus
1481 1738 1601 1798 nomine
1623 1736 1662 1797 fi-

379 1834 476 1919 lippus
497 1836 607 1918 vitrinj,
628 1836 759 1897 musicus
790 1837 915 1896 eximius
937 1850 966 1896 et
998 1837 1043 1896 sir
1074 1834 1223 1897 licteratus
1245 1849 1275 1897 et
1305 1835 1469 1897 ditissimus
1500 1850 1529 1896 et
1550 1836 1663 1897 amicus

380 1936 471 2018 ipsius
492 1935 568 1997 vatis
588 1932 721 2016 francisci
745 1950 878 2017 petracce
891 1957 898 2010 ;
913 1936 963 2017 qui
979 1934 1107 2017 filippus,
1121 1955 1190 1996 cum
1206 1934 1349 1997 invideret
1367 1936 1448 1997 dicto
1464 1935 1522 2016 eati
1546 1951 1664 2017 propter

381 2033 584 2097 excellentiam
606 2053 659 2095 sue
679 2033 847 2116 eloquentie
868 2033 963 2116 (quod
986 2054 1055 2117 sepe
1070 2036 1206 2096 maximis
1223 2036 1291 2096 siris
1305 2034 1428 2116 accidit)
1448 2051 1477 2096 et
1495 2054 1564 2096 cum
1579 2054 1665 2097 cone·

382 2147 464 2196 retur
482 2147 534 2195 aut
554 2135 648 2216 prosis
669 2148 720 2195 aut
742 2135 842 2194 metris
864 2154 895 2195 se
916 2135 1052 2216 adequarj
1075 2134 1210 2196 facundie
1237 2148 1267 2195 et
1296 2133 1404 2215 ingenii
1428 2134 1519 2216 ipsius
1540 2132 1666 2196 celeber·

383 2233 449 2296 rimi
469 2230 613 2314 francisci,
635 2231 741 2295 frustra
762 2247 896 2307 conatus,
918 2233 1118 2295 admirabatur
1137 2234 1174 2294 de
1195 2236 1357 2316 inpotentia
1389 2234 1434 2295 sui
1456 2248 1485 2294 et
1506 2231 1543 2293 de
1564 2232 1666 2295 excel-

382 2332 472 2396 ientia
493 2334 584 2415 ipsius
616 2333 690 2395 vatis
722 2347 761 2407 et,
793 2336 945 2414 sepissime
974 2353 1075 2395 secum
1098 2332 1230 2416 loquens,
1252 2332 1426 2394 admirative
1446 2332 1581 2395 dicebat:
1606 2335 1664 2396 «Ο

382 2452 472 2517 quam
494 2431 567 2494 bene
588 2431 736 2515 loqueris!
758 2452 777 2492 o
798 2453 888 2515 quami
910 2432 1082 2494 mirabiliter
1110 2449 1139 2494 et
1170 2433 1313 2495 facunde!
1336 2448 1365 2494 et
1397 2453 1454 2516 ego
1487 2435 1515 2494 io
1546 2432 1604 2494 hoc
1626 2433 1665 2494 nil

384 2535 524 2616 possum!
546 2532 646 2605 edoce,
666 2552 769 2615 queso,
790 2534 918 2594 comodo
940 2533 1088 2616 loqueris;
1119 2533 1156 2594 da
1188 2532 1277 2614 michi
1312 2547 1406 2596 artem
1438 2530 1527 2594 huius
1559 2531 1664 2615 eloquii

384 2648 414 2694 et
435 2630 488 2694 tibi
509 2630 585 2694 dabo
606 2632 686 2713 quod
706 2632 798 2706 uoles,
820 2632 866 2694 rel
888 2651 1004 2704 aurum,
1027 2633 1073 2694 sel
1095 2648 1272 2716 argentum;
1293 2632 1417 2694 ostende
1438 2633 1557 2714 quando
1579 2634 1666 2714 inge-

385 2734 467 2794 nium
488 2746 574 2794 tuum
592 2746 747 2794 maneat».
763 2734 808 2813 cuj
827 2735 888 2815 ipse
909 2748 990 2793 vates
1014 2732 1207 2814 respondebat
1228 2733 1303 2794 hanc
1320 2730 1525 2793 excellentiam
1547 2732 1609 2793 sola
1631 2753 1665 2793 ex

384 2831 430 2913 dej
453 2833 546 2914 gratia
568 2831 734 2914 procedere,
757 2852 809 2894 nec
832 2834 890 2893 emi
912 2852 966 2893 nec
988 2832 1073 2912 vendj
1098 2846 1205 2914 potest,
1227 2831 1278 2893 sed
1310 2830 1467 2892 solumodo
1488 2831 1600 2894 donum
1620 2832 1665 2914 dej

385 2945 490 2995 nature
510 2949 583 2993 esse.
604 2946 634 2991 et
655 2930 713 2993 hoc
734 2950 787 3018 pro
808 2946 985 3014 argumento
1008 2931 1145 3019 sufficiat,

466 3034 504 3094 Et
524 3031 689 3093 notandum
709 3031 853 3114 estquod
869 3030 922 3093 hec
939 3031 1045 3114 egloga
1062 3029 1410 3093 intitulaturededalusa
1428 3046 1461 3092 et·
1471 3030 1668 3093 collocutores

385 3144 455 3193 sunt
476 3130 589 3205 Gallus,
604 3132 653 3213 qui
673 3150 725 3212 pro
741 3132 803 3211 ipso
819 3130 920 3214 filippu
935 3134 1079 3213 accipitur
1092 3134 1159 3214 quia
1176 3130 1327 3213 gallicum,
1343 3132 1417 3192 idest
1432 3131 1468 3192 de
1484 3130 1570 3213 gallia
1588 3147 1668 3193 erat:

385 3231 508 3303 tirenus,
528 3231 597 3312 quia
619 3249 672 3311 pro
694 3231 757 3313 ipso
780 3245 846 3291 sate
867 3232 1025 3312 accipitur3
1049 3246 1079 3292 et
1101 3233 1211 3293 tirenus
1234 3245 1422 3312 nuncupatur
1442 3233 1511 3313 quia
1543 3230 1668 3291 italicus.

387 3331 463 3394 Nam
486 3349 566 3390 utare
588 3331 714 3391 tirenum
736 3331 880 3411 estquod
903 3329 1024 3413 ytaliam
1047 3332 1149 3413 cingit,
1165 3329 1211 3391 rel
1226 3332 1341 3392 circuit.
1357 3351 1429 3414 crgo
1451 3331 1553 3412 iocipjt
1575 3329 1669 3413 gallus

386 3427 465 3510 loqui
489 3430 543 3510 ipsi
565 3427 717 3502 francisco,
739 3430 858 3491 diceus:
885 3430 952 3491 Tale
974 3432 1046 3513 quis,
1068 3432 1222 3513 ingenium,
1245 3431 1321 3492 idest
1341 3431 1407 3512 quis
1436 3450 1488 3491 seu
1515 3430 1594 3490 dedit
1618 3429 1667 3509 tibj

385 3526 447 3591 tale
466 3530 640 3610 ingenium?
655 3530 726 3611 quis,
742 3549 793 3590 seu
815 3528 904 3597 dedit,
927 3528 978 3590 lidi
999 3549 1081 3590 ersom
1101 3528 1175 3610 lesaii
1189 3528 1323 3610 nrrrncrjs,
1339 3550 1390 3590 seu
1407 3530 1491 3591 istius
1512 3528 1670 3590 facundie?

386 3633 425 3700 rel,
447 3626 521 3689 idest
542 3627 677 3707 qualiter,
700 3628 774 3689 idest
794 3647 884 3710 quam
907 3628 989 3703 bene,
1011 3630 1155 3712 corripegil,
1175 3628 1249 3690 idest
1271 3629 1425 3689 coniunxit
1447 3629 1568 3689 niseum
1588 3627 1670 3698 ebur,

386 3726 462 3789 idest
482 3726 605 3802 deantes,
626 3730 677 3809 qui
699 3748 765 3810 pars
785 3730 882 3789 earinis
904 3744 973 3789 sunt
994 3743 1023 3789 et
1045 3728 1325 3811 aproountiandum
1348 3729 1524 3809 necessarii!
1541 3742 1568 3789 et
1590 3727 1669 3788 dedit

386 3846 439 3889 seu
461 3846 567 3890 uersos
588 3825 736 3910 loquaces,
758 3847 810 3888 seu
832 3825 932 3909 lingua
954 3843 982 3889 et
1004 3827 1060 3889 alia
1083 3828 1244 3889 necessaria
1265 3827 1301 3888 ad
1326 3827 1532 3910 organandum
1554 3848 1669 3896 rocem,

386 3926 644 4009 pronuntiandam,
658 3926 881 4008 explicandam?
895 3961 905 3973 ·
919 3927 1033 3988 addidit
1044 3947 1075 3988 os
1091 3947 1229 3995 erinaceos,
1242 3926 1315 3987 idest
1331 3945 1483 3987 mensuras
1495 3928 1670 3996 carminum,

386 4045 422 4087 ac
443 4026 531 4107 pedes
552 4040 581 4087 et
603 4040 734 4108 tempora
757 4025 940 4087 silebarum?
961 4026 1016 4087 laec
1038 4029 1138 4087 eiarroia
1160 4025 1347 4108 supradicta
1370 4024 1497 4086 referunt
1519 4026 1555 4114 qd
1577 4028 1668 4107 ipsam

387 4124 540 4188 citheram.
549 4124 728 4207 infrascripta
745 4124 793 4207 ubj
806 4128 860 4186 ait:
871 4150 886 4181 e
896 4127 1039 4209 Argilium
1054 4126 1130 4186 dedit
1140 4126 1278 4185 silerem»
1291 4125 1359 4186 dico
1372 4150 1387 4181 a
1398 4123 1667 4208 thirroeqoirilfcln

387 4225 584 4307 interogatise
605 4224 763 4306 legendum
785 4240 838 4285 est.
860 4227 936 4306 quis,
959 4224 1008 4285 ille
1029 4224 1092 4297 fuit,
1114 4225 1164 4305 qui
1186 4223 1237 4304 tibj
1261 4223 1337 4286 franc
1360 4240 1453 4285 artem
1476 4244 1527 4284 seu
1549 4225 1668 4284 citeram

387 4323 491 4387 dedit?
511 4358 521 4370 ·
541 4323 667 4393 dalaias,
690 4325 763 4385 idest
786 4343 823 4384 an
851 4323 929 4385 i'uit?
960 4323 1082 4383 dedalus
1114 4322 1241 4384 dedisset
1263 4324 1289 4405 ej
1313 4323 1388 4384 hanc
1410 4339 1524 4398 artem;
1547 4339 1574 4383 et
1602 4324 1669 4405 quia

388 4421 510 4486 dedalus
531 4422 739 4485 subtilissimus
761 4427 805 4485 sir
826 4438 854 4484 et
878 4425 1047 4505 ingeniosus
1070 4436 1099 4482 et
1122 4420 1196 4483 ultra
1218 4441 1333 4495 omnes,
1349 4442 1404 4484 suo
1426 4438 1560 4503 tempore
1575 4423 1671 4482 siceo-

388 4538 444 4597 tes,
458 4556 469 4569 ·
483 4542 520 4582 eu
535 4542 568 4583 ue
589 4522 665 4584 alitis
684 4544 820 4584 corrosor
841 4523 930 4584 desire
951 4523 1032 4585 nrm.
1049 4522 1123 4582 idest
1138 4541 1291 4583 successor
1311 4523 1382 4582 artis
1404 4538 1432 4582 et
1450 4521 1552 4582 dextre
1566 4519 1671 4597 dedali.

387 4642 440 4683 seu
461 4621 540 4684 dedit
562 4621 612 4702 tibj
636 4637 740 4693 artem,
763 4622 807 4683 sel
830 4620 906 4683 hamc
928 4623 1074 4683 citeram?
1096 4641 1190 4703 aque
1212 4621 1383 4703 supradicta
1410 4619 1593 4696 Resqosxdcx
1603 4622 1688 4670 tne-

388 4741 463 4784 nus:
485 4720 601 4783 delicias
621 4721 666 4783 irie
680 4721 750 4810 soil,
765 4742 818 4786 seu
840 4724 891 4810 qui
912 4721 1008 4788 antem
1025 4721 1109 4786 lianc
1131 4725 1263 4786 aiteram
1280 4718 1336 4781 sd
1350 4716 1528 4797 'sergestum
1544 4706 1651 4768 usus,
1665 4715 1729 4751 sess
