4125 5217
385 378 445 465 ¹7⁶
886 388 1036 438 aurosto
1059 389 1166 438 trusa

382 528 504 541 0-

383 654 490 741 egloge
511 670 557 717 est
584 673 684 736 argus,
713 672 849 736 proquo
877 650 1054 734 intelligitur
1076 671 1127 713 rex
1156 651 1300 713 robertus.
1330 653 1418 720 Nam,
1438 652 1516 713 sicut
1540 649 1672 714 fabulose

383 759 491 821 dicitur
518 775 607 838 argus
630 756 675 814 tit
702 752 792 815 luisse
813 751 960 823 oculatus,
982 752 1057 815 idest
1082 766 1203 814 centum
1225 750 1329 813 oculos
1356 750 1479 819 liabens,
1501 753 1542 812 ita
1564 765 1592 812 et
1617 753 1673 813 iste

385 877 435 920 rex
456 856 504 918 hic
525 855 634 931 dicitur
661 873 762 935 argus,
782 852 859 914 idest
880 851 1018 935 prudens,
1039 852 1166 934 sapiens,
1186 851 1331 913 discretus
1352 865 1381 912 et
1408 852 1509 912 sistartia
1541 869 1674 912 cernens.

373 972 415 1019 ¹et
435 975 505 1018 uere
526 953 721 1038 peritissimus
742 953 879 1013 otnnium
895 953 1026 1014 uirorum
1049 972 1103 1013 sue
1123 952 1209 1013 etatis
1231 950 1285 1012 luit
1306 966 1335 1012 et
1357 951 1518 1013 ttaultrrum
1542 952 1676 1013 scientia·

387 1076 453 1119 runt
474 1068 626 1128 structus3
648 1053 711 1136 ipse
739 1071 811 1113 tero
843 1050 899 1114 suit
926 1052 1059 1139 nptitnus
1088 1051 1281 1134 gramaticus,
1306 1067 1402 1132 poeta,
1430 1052 1576 1121 istoricus,
1606 1050 1676 1112 lilo-

386 1134 508 1239 sltplms,
530 1151 701 1235 theologus,
723 1149 891 1231 astrolagus
906 1166 936 1212 et
957 1152 1215 1214 continentissime
1229 1152 1325 1212 tite.-
1345 1149 1552 1213 collocutores
1574 1151 1677 1234 ydeus,

388 1255 505 1339 phytiae
526 1269 556 1315 et
576 1250 690 1314 silvius.
712 1251 806 1335 ydeus
827 1248 941 1314 dicitur
961 1251 1099 1333 iuppiter,
1114 1248 1152 1312 ab
1166 1250 1212 1312 ida
1234 1249 1319 1324 silea,
1339 1250 1369 1311 in
1390 1270 1448 1333 qua
1470 1252 1599 1313 nutritus
1613 1249 1677 1324 t'uit;

363 1356 517 1438 luppiter.
537 1371 608 1415 sero
629 1350 820 1433 estplaneta
842 1351 923 1412 mitis
944 1365 975 1412 et
995 1363 1177 1412 trtansuetus.
1201 1369 1335 1433 proquo
1359 1350 1536 1432 intelligitur
1557 1350 1677 1433 quidam

387 1452 594 1537 neapolitanus
625 1452 676 1535 qui
698 1448 863 1513 vocabatur
883 1450 1022 1511 dontinus
1054 1449 1180 1512 lolianes
1212 1449 1312 1521 barile,
1335 1449 1419 1512 miles
1453 1451 1678 1522 eruditissimus,

361 1560 363 1563 ’
389 1553 495 1628 bonus
509 1549 662 1636 placabilis
683 1566 713 1613 et
728 1565 826 1612 rectus
848 1566 878 1613 et
893 1549 1076 1612 liditissimns
1096 1570 1198 1613 comes
1213 1566 1242 1612 et
1257 1550 1406 1613 latniliaris
1420 1551 1553 1634 ipsorum
1576 1571 1678 1634 regum

367 1651 508 1728 ,roberti
518 1650 766 1734 ‚etandreggni
782 1664 902 1732 propter
923 1663 1051 1711 mortem
1079 1650 1223 1731 ipsorum,
1245 1650 1391 1712 sitautiu
1414 1669 1547 1722 euntem,
1568 1649 1680 1725 .doluit;
1714 1695 1718 1703 ·

390 1751 498 1836 phitius
518 1770 590 1813 sero
612 1748 666 1812 luit
686 1751 781 1811 sotius
802 1749 948 1811 damonis.
969 1748 1006 1811 de
1026 1748 1135 1832 quibus
1155 1747 1289 1833 loquitur
1309 1750 1339 1811 in
1361 1765 1476 1812 tantum
1498 1769 1530 1811 se
1551 1750 1630 1832 ipsos
1644 1750 1681 1812 ad

390 1852 518 1915 inuicem
550 1849 707 1925 dilessisse,
739 1848 830 1934 quod,
862 1868 931 1912 cum
952 1869 1029 1911 unus
1057 1850 1190 1932 ipsorum
1221 1849 1397 1933 dampnatus
1418 1865 1495 1913 esset
1532 1852 1621 1914 ratorti
1652 1867 1682 1913 et

391 1949 479 2014 vellet
500 1952 542 2012 ite
564 1951 594 2011 in
616 1950 748 2053 patriam·
763 1969 861 2024 suain,
883 1962 916 2010 ut
929 1949 1081 2010 ordinaret
1095 1946 1171 2011 lacta
1193 1968 1256 2022 sua,
1271 1963 1310 2023 et,
1325 1964 1448 2032 accepto
1469 1950 1610 2012 redeundi
1624 1949 1682 2025 die,

390 2049 465 2114 alter
486 2070 539 2133 pro
561 2069 597 2111 eo
618 2051 649 2111 in
670 2068 791 2113 carcere
813 2049 955 2111 rentausit
974 2048 1030 2111 sub
1052 2048 1109 2110 hoc
1131 2063 1215 2131 patto
1235 2048 1326 2132 quod,
1339 2050 1363 2112 si
1386 2047 1435 2112 ille
1454 2040 1506 2133 qui
1529 2049 1683 2113 recedebat

378 2154 453 2212 'non
474 2148 581 2212 rediret
602 2150 633 2210 in
661 2163 776 2211 statuto
796 2148 854 2218 die,
875 2147 956 2232 quod
977 2149 1040 2230 ipse
1060 2146 1181 2210 deberet
1208 2148 1377 2230 decapitari.
1398 2150 1440 2211 ita
1460 2149 1511 2212 ille
1531 2170 1585 2232 pro
1606 2150 1683 2212 sotio

392 2249 534 2313 remansit
555 2247 765 2323 incarceratus,
786 2246 863 2310 alter
890 2267 990 2310 sersus
1011 2248 1138 2331 patriam
1169 2246 1224 2309 itit
1245 2262 1284 2321 et,
1305 2249 1447 2312 ordinatis
1469 2251 1596 2331 negotiis
1623 2250 1683 2311 suis

391 2369 461 2413 cunt
483 2347 629 2411 adfinibus
651 2364 680 2410 et
701 2347 872 2429 parentibus
893 2337 964 2424 suis,
978 2349 1141 2410 moriturus
1162 2364 1192 2410 et
1213 2346 1302 2410 fidem
1323 2364 1492 2411 servaturus
1513 2349 1561 2411 die
1574 2364 1684 2411 statuta

392 2471 448 2535 pro
467 2453 546 2514 sotio
567 2470 632 2513 sese
652 2452 844 2533 presentavit.
867 2451 941 2523 Quo
963 2451 1063 2512 cisoa
1087 2470 1166 2533 rege,
1181 2450 1342 2512 admiratus
1364 2450 1403 2512 ob
1425 2466 1506 2513 tante
1527 2450 1594 2514 lidei
1617 2472 1685 2515 con·

392 2552 543 2626 stantiam,
564 2549 670 2613 ambos
691 2549 836 2612 liberarit.
858 2569 911 2633 per
940 2547 1019 2612 ltuoc
1055 2547 1180 2633 pltitiam
1212 2548 1387 2632 intelligitur
1415 2551 1536 2634 qnidam
1565 2553 1686 2614 nomine

395 2649 532 2713 barbatus
561 2646 721 2712 franciscus
743 2648 953 2722 sulmonensis,
972 2650 1022 2732 qui
1045 2648 1075 2710 in
1099 2648 1181 2711 dicto
1204 2668 1295 2731 tegno
1317 2664 1347 2711 et
1374 2651 1454 2712 curia
1476 2651 1546 2713 dicti
1575 2650 1685 2713 roberti

396 2752 472 2831 regis
493 2749 676 2821 morabatur,
700 2750 754 2809 l'ir
782 2748 1016 2809 litteratissimus
1038 2764 1068 2809 et
1095 2749 1292 2811 amicissimus
1314 2750 1404 2832 ipsius
1426 2748 1526 2831 Sili·ij;
1549 2771 1602 2832 pto
1626 2771 1686 2835 quo

394 2847 678 2932 silaiointelligitur
698 2850 761 2929 ipse
783 2863 914 2931 petrarca
936 2862 1024 2908 autor
1044 2846 1132 2909 liuius
1153 2850 1260 2931 operis.
1281 2850 1332 2931 qui
1353 2848 1615 2934 (pmotapparet)
1634 2852 1688 2913 in·

394 2948 544 3010 ducuntur
575 2946 725 3030 colloquio
748 2962 778 3009 et
809 2946 1021 3009 lamentatione
1043 2961 1163 3030 propter
1190 2963 1318 3009 mortem
1346 2949 1477 3031 ipsorum
1500 2969 1615 3032 regum.
1636 2950 1686 3013 lsti

395 3068 467 3110 vero
487 3047 558 3122 duo,
580 3045 718 3109 barbatus
740 3062 770 3108 et
792 3045 962 3121 franciscus,
989 3048 1019 3108 in
1041 3045 1193 3131 colloquio
1213 3049 1366 3130 sepissime
1387 3049 1585 3131 predisserunt
1612 3069 1688 3112 tuor·

348 3196 351 3201 .
396 3161 456 3209 tem
477 3148 569 3230 ipsius
602 3148 679 3229 regis
700 3146 809 3207 andree
839 3147 916 3208 intra
937 3166 969 3208 se
990 3161 1058 3229 post
1088 3162 1216 3209 mortem
1237 3148 1328 3229 ipsius
1350 3150 1427 3230 regis
1459 3148 1577 3211 roberti.
1599 3151 1688 3226 Nam,

396 3246 484 3309 uelud
505 3245 641 3308 homines
668 3246 789 3308 discreti
812 3260 842 3307 et
866 3246 992 3329 providi,
1015 3246 1155 3308 sidebant
1176 3248 1260 3330 signa
1282 3248 1358 3309 inter
1378 3268 1531 3331 perversos
1553 3269 1688 3332 proceres

396 3360 426 3406 et
447 3359 602 3428 magnates
635 3361 664 3407 et
684 3344 890 3407 consiliatores
921 3361 950 3406 et
980 3344 1119 3407 ductores
1150 3347 1241 3428 ipsius
1274 3347 1367 3428 regni,
1387 3367 1445 3429 que
1476 3346 1624 3410 ducebant
1655 3368 1688 3411 ea

397 3460 532 3529 patenter
552 3446 653 3506 omnia
674 3444 763 3519 naula,
795 3465 854 3528 que
875 3444 963 3528 paulo
985 3460 1052 3528 post
1073 3446 1166 3507 secuti
1198 3459 1277 3519 sunt,
1298 3466 1350 3507 seu
1371 3446 1540 3508 inmeritam
1561 3463 1688 3510 tatortent

396 3544 487 3627 ipsius
509 3545 586 3628 regis
607 3543 725 3619 andree,
735 3545 787 3627 qni
808 3543 964 3627 sigullatus
986 3559 1015 3606 et
1037 3543 1238 3627 strangulatus
1260 3543 1312 3606 luit
1335 3560 1364 3606 et
1385 3546 1555 3628 vituperose
1574 3546 1690 3609 distrat-

398 3658 445 3705 tus
466 3657 512 3706 est
532 3642 667 3705 sublimis
696 3645 822 3706 cameris
844 3663 896 3727 per
916 3643 1024 3727 gradus
1053 3645 1082 3706 in
1104 3664 1188 3728 yma,
1206 3644 1326 3705 demum
1349 3646 1445 3726 ipsum
1475 3665 1600 3728 regnum
1622 3661 1690 3708 tur-

393 3741 500 3803 ·batum
523 3758 551 3804 et
573 3742 696 3825 abipso
718 3762 832 3826 rengno
854 3744 977 3826 ungarie
998 3742 1179 3805 demica‘tnm
1202 3759 1232 3805 et
1247 3743 1359 3804 rictum
1381 3760 1410 3805 et
1431 3764 1490 3805 non
1512 3746 1576 3807 siue
1593 3761 1690 3808 morte

398 3840 561 3903 multorum
583 3861 740 3923 procerum
759 3839 915 3915 nobilium,
930 3842 1007 3902 inter
1020 3861 1095 3925 quos
1117 3840 1172 3903 luit
1187 3842 1248 3923 ipse
1270 3841 1329 3901 dus
1351 3839 1481 3922 duraclaij
1497 3833 1692 3925 decapitatus

398 3942 498 4001 onmia
520 3938 575 4002 ltec
599 3939 793 4022 pros-idebant
814 3954 883 4001 ante
904 3942 966 4022 ipse
987 3939 1097 4023 phitias
1119 3955 1148 4001 et
1170 3939 1283 4013 silvius,
1305 3955 1334 4001 et
1356 3941 1546 4022 predixerunt
1567 3957 1690 4003 tentura

398 4037 437 4100 ob
458 4040 520 4122 ipsa
542 4038 619 4100 mala
642 4040 758 4122 singula
780 4061 839 4124 que
861 4041 890 4101 in
912 4040 984 4122 ipsis
1004 4039 1232 4122 productoribus
1255 4042 1338 4122 regni
1355 4039 1542 4114 videbanter
1556 4040 1692 4102 similiter

398 4138 428 4200 in
450 4140 512 4221 ipsa
542 4160 630 4221 prata
653 4141 754 4222 regina
783 4138 922 4214 ioltanna,
943 4158 1002 4222 que
1029 4139 1066 4201 de
1088 4138 1140 4201 tali
1168 4140 1276 4201 marito
1297 4160 1357 4200 non
1379 4155 1518 4201 contenta
1548 4155 1620 4201 erat.
1642 4138 1689 4221 Hij

399 4259 470 4300 sero
491 4239 561 4314 dno,
593 4238 701 4321 pltitias
730 4255 759 4302 et
791 4231 909 4314 silvius,
931 4239 1085 4322 sepissime
1106 4240 1136 4300 in
1164 4238 1221 4301 ltoc
1253 4238 1404 4323 colloquio
1432 4254 1525 4314 erant,
1557 4256 1691 4322 presente

398 4339 514 4421 inipso
537 4338 616 4408 lden,
638 4359 740 4400 eornm
763 4340 955 4401 attiticissimo.
971 4338 1058 4401 Unde
1072 4338 1132 4412 laic,
1147 4340 1176 4399 in
1199 4340 1343 4422 principio
1365 4339 1452 4400 liuius
1468 4338 1584 4421 egloge,
1608 4340 1691 4401 ldeus

398 4438 597 4501 introducitur
618 4437 698 4522 loqui
721 4454 749 4500 et
772 4442 913 4523 conqueri
945 4439 1078 4521 ipsorum
1111 4456 1227 4520 regum,
1257 4437 1294 4499 de
1325 4454 1421 4500 morte
1443 4438 1551 4500 roberti
1577 4454 1607 4501 et
1634 4460 1692 4500 an·
1752 4439 1756 4445 “

398 4538 477 4613 dree,
499 4540 561 4621 qui,
583 4538 673 4622 paulo
701 4555 769 4621 post
791 4553 920 4601 mortem
941 4539 1047 4614 soceri,
1069 4539 1241 4601 interlectos
1262 4559 1278 4599 a
1297 4540 1358 4599 suis
1383 4554 1436 4601 est.
1452 4542 1581 4601 Demum
1603 4541 1692 4602 intro

399 4637 481 4699 ducit
503 4640 600 4721 ipsum
622 4639 746 4721 pltitiam
771 4654 799 4701 et
821 4638 940 4700 silvium
963 4640 992 4700 in
1014 4639 1109 4700 simul·
1131 4638 1297 4722 loquentes,
1318 4638 1444 4722 qualiter
1469 4638 1608 4702 sidebant
1633 4659 1692 4701 ma·

399 4737 504 4801 nileste
520 4740 617 4821 ipsum
641 4759 741 4821 regem
764 4739 953 4813 moriturum,
974 4754 1044 4801 ante
1058 4759 1146 4822 qnam
1168 4737 1332 4815 cecidisset,
1346 4753 1375 4801 et
1390 4741 1573 4801 eversionem
1589 4740 1692 4821 rengui
