4125 5217
402 359 465 441 256
905 370 1057 420 amomo
1079 356 1186 418 nvem

364 700 368 704 ,
403 636 548 721 rupilius:
571 651 674 717 gentes
703 633 818 717 l'ugatas
839 632 878 694 ob
901 653 1003 695 necem
1028 634 1114 714 regis.
1136 667 1155 680 -
1177 632 1277 694 lorrris
1297 633 1434 715 signata:
1454 632 1602 715 :lllegoria
1626 650 1688 697 est:

405 740 434 801 O
456 737 539 810 deus,
562 751 594 797 tu
616 736 705 797 debes
729 736 860 796 misereri
881 733 1014 794 ltunmno
1037 754 1144 814 genere
1158 734 1226 815 quia
1242 731 1361 795 voluisti
1376 753 1494 794 sumere
1515 754 1632 796 caruem
1654 735 1691 797 de

404 839 545 918 l'irgiue3
568 838 623 897 nisi
646 835 712 897 talis
735 834 885 896 beatitudo
901 832 975 894 lrirte
990 833 1105 894 celestis
1121 834 1266 893 ministret
1280 832 1389 894 oblivia
1412 835 1597 895 miserorum.
1612 851 1691 897 certe

405 951 455 1000 tua
469 954 573 1020 mater
595 936 648 998 init
669 936 706 998 de
728 956 795 996 men
818 954 935 1014 genere,
956 954 1009 994 seu
1031 934 1162 994 lrurnano
1185 933 1199 1012 (
1221 935 1245 1013 ).

486 1035 596 1098 Siluius
617 1036 737 1096 nrrditn:
766 1034 976 1097 Corrunuando
998 1054 1029 1094 se
1057 1032 1093 1093 ad
1123 1033 1318 1113 procedentia,
1339 1033 1499 1095 introducit
1524 1032 1613 1095 alium
1637 1055 1692 1115 pa·

404 1150 526 1209 starem,
548 1154 600 1195 seu
623 1133 748 1195 Siltium
771 1135 821 1215 qui
845 1132 992 1194 exaltem
1016 1148 1098 1212 parte
1119 1133 1266 1213 apennini,
1282 1152 1333 1192 seu
1355 1134 1383 1193 in
1407 1131 1522 1214 liguria,
1541 1132 1692 1194 audirer-at

405 1233 556 1317 querelam
586 1232 699 1315 phytie‚
722 1233 790 1295 licet
818 1235 914 1314 ipsum
945 1232 1044 1293 sidere
1077 1252 1136 1291 non
1165 1248 1273 1312 misser,
1303 1253 1370 1293 uam
1399 1232 1549 1293 audit-ern
1576 1248 1694 1315 propter

408 1334 519 1395 litteras
540 1335 666 1415 scriptas
687 1332 832 1394 ...Silvius
857 1331 1193 1413 acerboconqueritur·
1209 1331 1245 1392 de
1272 1329 1355 1393 obitu
1378 1333 1466 1413 Regis
1490 1332 1694 1395 llorbertidi-

407 1454 496 1495 cens:
520 1453 538 1495 o
568 1433 672 1514 phitia,
694 1452 750 1514 ego
780 1430 874 1493 tarem
900 1431 980 1514 quod
1012 1430 1166 1513 dispositio
1194 1430 1310 1493 celestis
1328 1432 1467 1493 minatur
1496 1432 1579 1492 atrabis
1608 1434 1693 1493 istam

409 1535 535 1606 ruinam,
556 1533 626 1617 quia
649 1534 706 1593 iam
729 1532 788 1593 vidi
810 1530 907 1595 celum
931 1529 1008 1593 male
1029 1532 1204 1613 dispositum
1228 1547 1257 1593 et
1279 1533 1406 1593 rtnrsime
1427 1552 1463 1593 es
1486 1532 1600 1612 planeta
1622 1553 1695 1592 mar·

409 1632 455 1693 tis.
478 1630 702 1715 biarsplaneta
718 1630 878 1692 utalirolus
900 1646 1013 1712 strages
1034 1632 1224 1692 cornmittons
1246 1646 1275 1692 ot
1297 1630 1558 1713 sederas-iupiter
1572 1630 1716 1713 planeta·

410 1728 575 1801 benit-otus,
597 1731 664 1792 ideo
686 1732 763 1792 inter
785 1732 911 1792 blattem
934 1746 963 1791 et
984 1732 1145 1792 Saturnum
1169 1733 1296 1812 putantur,
1319 1748 1351 1793 ut
1373 1732 1514 1793 malitiam
1540 1731 1694 1792 amborum

409 1844 563 1911 temperet.
586 1828 637 1891 Sol
660 1846 704 1891 est
726 1847 808 1912 irater
830 1845 964 1892 stature...
988 1832 1090 1892 Venus
1118 1846 1161 1891 est
1190 1830 1304 1912 planeta
1334 1829 1497 1905 benivolus,
1519 1845 1617 1891 tamen
1643 1831 1699 1891 dea

409 1928 545 2005 luxurie3
569 1930 734 1990 Mercurius
765 1930 895 1990 medium
917 1944 1009 2005 tenet,
1030 1931 1098 2013 quia
1128 1928 1222 1991 bonus
1249 1949 1317 1991 cum
1342 1930 1424 1991 bonis
1452 1946 1482 1991 et
1510 1930 1605 1992 malus
1627 1950 1696 1992 cum

409 2026 505 2089 malis.
527 2062 546 2073 ·
569 2030 625 2090 Per
647 2030 750 2090 Martis
772 2030 856 2110 signa
879 2027 1019 2111 intelligit
1040 2044 1197 2111 apparatus
1228 2027 1382 2102 bellorum,
1403 2050 1478 2112 quos
1500 2031 1614 2091 notarit
1636 2029 1697 2092 lieri

410 2146 463 2209 per
482 2124 638 2211 quosdam.
669 2147 689 2173 ’-
718 2146 771 2208 per
797 2129 959 2189 Saturnum
987 2127 1127 2209 iutelligit
1155 2148 1306 2189 summum
1334 2128 1505 2210 pontificem
1533 2131 1582 2212 qui
1609 2149 1697 2191 senes

410 2242 482 2289 erat-v
495 2241 524 2288 et
545 2228 643 2309 gravis
665 2240 696 2288 et
717 2225 866 2309 malignus
889 2229 917 2288 in
939 2229 1052 2310 Regem
1075 2227 1234 2300 Andream,
1256 2227 1340 2288 cuius
1361 2230 1583 2290 coronationem
1609 2228 1698 2290 dille-

411 2324 504 2401 rebat,
526 2339 560 2386 ut
581 2345 617 2387 ex
639 2328 700 2387 suis
723 2329 835 2408 Regem
863 2324 992 2409 aliquem
1014 2341 1180 2388 coronaret.
1201 2361 1222 2373 -
1243 2329 1417 2409 potiorem
1439 2326 1577 2409 intelligit
1598 2347 1697 2409 regem

410 2424 561 2488 Andream
582 2427 632 2510 qui
656 2424 889 2509 malignitatibus
913 2428 1013 2509 regine
1036 2427 1176 2501 iohanne,
1198 2427 1418 2509 quorundarum
1447 2430 1623 2509 principum,
1644 2448 1699 2488 ac-

410 2524 534 2588 cedente
555 2525 646 2586 etiarn
667 2545 814 2587 consensu
844 2545 919 2608 pape
947 2541 975 2588 et
1004 2524 1200 2609 plurimorum
1229 2525 1432 2601 cardinalium,
1453 2525 1643 2587 obsidebatur
1669 2528 1698 2586 in

412 2625 494 2707 regni
517 2640 672 2706 potestate.
700 2659 712 2672 ·
740 2645 792 2707 per
812 2627 960 2687 Venerem
989 2624 1130 2705 intelligit
1152 2627 1295 2707 Reginam
1319 2626 1480 2687 lohannam
1502 2625 1699 2696 libidinosam,

410 2744 469 2809 que
492 2723 641 2786 rlndream
664 2745 765 2806 regem
794 2740 931 2808 proterve
961 2725 1133 2808 respiciebat
1161 2740 1191 2786 et
1219 2724 1296 2785 nida
1317 2726 1491 2786 intentione.
1512 2760 1522 2772 -
1545 2745 1595 2807 per
1616 2724 1699 2785 sibila

411 2822 552 2905 intelligit
573 2826 783 2906 suggestiones
806 2823 1207 2907 naalorum‘quas-sumebat
1230 2825 1341 2906 Regina
1370 2824 1499 2885 lohanna
1520 2845 1579 2908 que
1601 2824 1700 2885 malo-

413 2943 479 2984 rum
500 2922 632 3005 eonsilijs
655 2924 802 2985 intererat.
824 2958 845 2970 -
872 2944 924 3006 per
952 2922 1075 2984 nebulas
1104 2923 1241 3007 intelligit
1268 2921 1429 2985 nebulones
1451 2939 1480 2986 et
1502 2923 1628 2987 ribaldos
1648 2925 1699 3007 qui

412 3021 449 3082 de
469 3021 632 3104 provincia,
654 3042 713 3103 que
734 3037 777 3083 est
799 3022 881 3104 regio
902 3020 1019 3097 sterilis,
1042 3038 1182 3083 venerant
1203 3022 1239 3083 ad
1261 3023 1440 3084 manendum
1461 3042 1530 3085 cum
1553 3024 1662 3106 regina.
1682 3056 1701 3069 -

404 3119 1068 3204 per·grues-intelligitpncilieos·immines.
1083 3155 1093 3168 ·
1108 3141 1159 3203 per
1179 3140 1308 3204 mergos,
1322 3124 1455 3205 quipost
1467 3141 1579 3184 casum
1589 3124 1633 3183 ad
1655 3141 1701 3183 es·

413 3219 551 3302 piendam
573 3221 705 3302 corporis
728 3218 881 3281 libidinem
909 3221 946 3282 ad
974 3223 1086 3282 curiam
1109 3237 1260 3284 venerant.
1281 3258 1300 3269 -
1321 3242 1372 3303 per
1392 3242 1498 3283 corsos
1527 3221 1701 3305 corruptelis

333 3371 336 3375 ,
414 3336 442 3380 et
464 3318 625 3382 sceleribus
648 3321 781 3381 virentes
803 3335 832 3381 et
861 3319 939 3381 ntala
967 3340 1084 3403 semper
1111 3319 1317 3382 denuntiantes
1345 3324 1376 3382 in
1404 3322 1484 3382 curia
1513 3320 1660 3405 intelligit.
1682 3355 1702 3367 -

413 3437 466 3500 per
487 3416 590 3479 fulicas
613 3438 713 3501 sagas,
736 3416 808 3479 tiles
831 3434 859 3480 et
888 3416 1026 3502 loquaces
1054 3418 1191 3480 horttines
1219 3419 1347 3481 denotat.
1376 3455 1386 3466 ·
1414 3438 1465 3502 per
1492 3419 1586 3481 sidera
1608 3434 1701 3482 mesta

413 3516 554 3601 intelligit
576 3537 682 3599 grates
705 3532 734 3580 et
756 3516 933 3579 excellentes
954 3518 1093 3579 dominos
1115 3540 1149 3581 ac
1164 3520 1242 3580 siros
1265 3534 1374 3581 mestos
1388 3539 1424 3580 ea
1446 3539 1515 3580 casu
1537 3519 1701 3581 miserrimo

414 3620 504 3699 Regis
528 3617 655 3680 Andron.
677 3653 687 3664 ·
709 3621 765 3680 Per
786 3617 901 3700 plteben
923 3617 1064 3700 intelligit
1087 3619 1219 3701 reginam
1239 3638 1361 3680 uxorem
1383 3621 1471 3701 Regis
1493 3618 1614 3682 Roberti
1634 3639 1703 3702 que,

413 3737 452 3779 ne
473 3732 518 3779 tot
540 3716 652 3778 videret
674 3715 795 3794 scelera,
816 3717 952 3780 habitum
974 3717 1150 3779 monialium
1171 3732 1274 3779 sancte
1295 3719 1432 3780 Katerioe
1446 3718 1550 3780 induit.
1564 3753 1574 3765 -
1589 3739 1640 3801 per
1657 3717 1703 3780 sil·

487 4075 526 4139 (t)
543 4068 598 4146 [Cr]
619 4075 722 4124 Silvius
740 4072 768 4124 in
786 4072 906 4125 Tussiam
925 4083 951 4125 et
970 4074 1096 4125 Barbatus
1116 4072 1143 4124 in
1161 4072 1321 4135 Sulmonem,
1339 4082 1365 4125 et
1383 4073 1462 4124 multe
1480 4073 1512 4123 ed
1532 4070 1641 4124 invicem
1654 4071 1704 4123 sibi

414 4163 560 4218 scribebant
578 4165 762 4231 conquerendo
781 4165 813 4216 de
837 4165 886 4216 hoe
904 4163 980 4216 iacto.
998 4193 1007 4236 .'
1027 4171 1175 4231 unrprstas:
1193 4163 1328 4215 bellorum.
1348 4192 1358 4203 ·
1375 4164 1423 4214 crlr'
1432 4179 1442 4212 .·
1462 4161 1544 4231 regni.
1564 4190 1574 4201 ·
1593 4162 1705 4230 appellet

414 4272 522 4322 regnum
541 4254 635 4313 celum,
653 4254 714 4322 quia
734 4255 861 4306 Robertus
882 4256 1005 4322 regnabat
1024 4254 1091 4305 iuste
1110 4254 1138 4305 iu
1157 4272 1248 4322 regno,
1266 4254 1331 4305 sicut
1350 4253 1465 4321 luppiter
1484 4253 1510 4304 in
1529 4253 1599 4305 celis.
1611 4281 1621 4292 ·
1633 4269 1701 4303 ntur·

417 4362 513 4396 neura:
532 4362 648 4396 rumores
668 4346 803 4397 bellorum.
829 4374 838 4385 ·
857 4354 1011 4412 pastorum:
1030 4355 1180 4413 magnatum
1198 4373 1207 4383 ·
1225 4346 1314 4395 silvis:
1333 4344 1445 4412 populis.
1465 4373 1474 4383 ·
1494 4345 1626 4394 Irrnorui:
1645 4343 1705 4410 quia

417 4432 540 4502 regnicoli
559 4453 613 4486 non
640 4435 742 4486 suerunt
767 4435 849 4487 consii
868 4435 958 4488 mortis
985 4436 1053 4503 regis
1073 4436 1185 4487 Andree.
1205 4464 1214 4474 ·
1232 4436 1360 4501 capellas:
1380 4434 1497 4486 homines
1521 4434 1651 4501 dispersos
1677 4441 1705 4484 ut

406 4526 522 4598 capelle.
540 4556 550 4566 ·
569 4528 663 4577 utem:
683 4526 790 4594 virginis
810 4526 897 4578 matris
917 4525 1008 4578 biario.
1027 4554 1037 4565 ·
1055 4527 1129 4576 nisi:
1148 4525 1256 4578 dulcedo
1274 4542 1351 4592 quom
1370 4525 1450 4577 hebes
1469 4524 1495 4575 in
1514 4525 1569 4577 celo
1587 4524 1706 4577 societte

416 4614 594 4668 immemorem
614 4617 760 4668 mortalium
782 4634 903 4668 rerum·
927 4619 1006 4667 narie:
1025 4614 1147 4684 paradisi.
1174 4644 1183 4654 ·
1206 4616 1236 4666 de
1257 4631 1351 4683 gmgc:
1370 4616 1492 4678 humano,
1511 4631 1557 4667 sert
1575 4616 1608 4667 de
1626 4614 1706 4684 stirpe

416 4705 502 4758 david.
521 4736 530 4746 ·
548 4708 662 4790 noima:
682 4706 764 4774 b‘irgo
784 4705 874 4757 bieria.
