4125 5217
819 413 849 462 ΙΙ,
872 414 1060 463 uueoucuar
1084 416 1214 464 canum
1595 414 1651 485 131

374 693 422 776 Et
450 691 600 800 potitur
628 692 796 773 camuris
827 719 930 773 nunc
961 692 1119 775 naribus
1150 720 1193 775 ac
1223 691 1320 800 pede
1348 714 1466 777 torto.

376 817 492 902 Illum
523 820 697 927 inopem,
728 817 993 926 pavidumque
1023 819 1159 925 procul
1191 848 1258 927 per
1286 848 1375 903 saxa
1406 819 1566 928 fugavit.

378 946 430 1028 Hi
459 964 603 1052 turpes,
633 972 759 1027 rerum
790 943 952 1039 indocti,
982 943 1130 1027 latitare
1159 945 1366 1040 videntur;

377 1070 454 1155 Sed
481 1072 565 1153 sine
594 1092 862 1165 consuescant,
891 1069 1041 1153 discent
1069 1091 1127 1153 tot
1157 1071 1280 1154 multa
1309 1073 1517 1178 magistris.
1627 1116 1650 1144 n

381 1200 432 1282 Hi
461 1194 541 1281 duo
569 1245 583 1258 ·
611 1196 722 1295 Quid
751 1199 874 1280 reris?
902 1245 916 1259 ·
944 1196 1077 1280 fatales
1106 1194 1288 1280 dulcibus
1316 1199 1416 1294 uvis,

380 1325 461 1408 lam
491 1325 670 1433 pingues,
700 1344 910 1432 mustoque
939 1352 1101 1431 graves;
1132 1323 1220 1419 laos,
1252 1323 1352 1432 pelle
1382 1327 1545 1423 revulsa,

381 1452 583 1535 Persolves
612 1450 695 1532 leso
725 1450 903 1560 (venient
932 1452 1145 1560 trieterica)
1176 1450 1321 1534 Baclro.

384 1577 441 1661 En
469 1577 539 1662 tibi
570 1605 637 1685 par
665 1577 795 1669 aliud;
826 1577 924 1660 ratio
954 1576 1164 1662 famuletur
1193 1578 1332 1674 amori,

385 1705 560 1811 Dignum
590 1704 702 1788 laude
731 1702 832 1800 licet,
863 1702 1016 1787 blandis
1045 1733 1168 1813 prope
1198 1705 1325 1788 lenius
1355 1707 1479 1814 agnis.

386 1831 443 1914 En
473 1859 631 1940 quoque
660 1861 727 1939 par
755 1831 874 1940 longe
901 1833 1077 1925 varium,
1108 1854 1262 1940 pratum
1294 1831 1359 1915 ille
1389 1833 1571 1923 modesto

387 1960 511 2043 Dente
540 1961 662 2055 metit,
692 1986 822 2041 ramos
851 1958 1007 2076 patulos
1037 1980 1148 2042 vorat
1176 1958 1271 2042 alter
1299 1960 1420 2057 hiatu,

386 2085 524 2195 Teque
551 2107 741 2194 tuumque
770 2114 928 2194 gregem
959 2114 1073 2168 rauca
1101 2088 1169 2194 qui
1198 2114 1295 2170 voce
1325 2086 1471 2196 fatiget,

388 2213 532 2321 Meque
559 2211 691 2321 fugare
721 2211 818 2295 locis
848 2211 1009 2295 informi
1041 2240 1241 2295 murmure
1272 2213 1408 2321 possit,

389 2340 587 2450 Spumeus
616 2368 658 2422 ac
688 2338 879 2436 frendens,
909 2307 1106 2448 tu⁰nsoque
1134 2339 1364 2423 simillimus
1395 2368 1498 2423 urso

386 2470 472 2552 Hos
500 2466 571 2552 tibi
600 2467 766 2551 romulei
797 2467 987 2550 miserunt
1014 2467 1194 2573 gramina
1223 2466 1371 2561 saltus;

384 2595 519 2681 Cetera
548 2594 594 2679 de
623 2596 767 2679 nostris
797 2596 958 2678 veniunt
987 2595 1058 2679 tibi
1088 2594 1231 2701 gaudia
1262 2593 1374 2679 lucis.

388 2725 490 2807 Hinc
519 2722 596 2829 alij,
626 2744 740 2832 atque
769 2722 831 2828 alij
862 2744 1102 2816 accrescent;
1134 2721 1214 2805 fors
1245 2751 1370 2831 prona
1399 2722 1553 2831 favebit.

182 2850 433 2957 Mi‚r.·u([O
464 2848 658 2957 pecudum
687 2848 803 2932 decus
833 2850 1036 2946 eximium,
1067 2852 1277 2959 reginaque
1306 2849 1416 2946 silve,

391 2978 525 3085 Perge,
555 3004 637 3085 age,
667 2977 785 3084 iunge
813 3004 962 3085 greges,
992 2998 1029 3060 et
1058 3005 1205 3059 cornua
1234 2974 1330 3059 flore
1360 2975 1511 3062 rubenti
1642 3023 1679 3060 120

394 3103 467 3185 His
496 3130 654 3212 quoque
682 3104 903 3196 circurnda;
933 3131 1025 3211 grex
1054 3132 1138 3186 esse
1166 3102 1361 3186 videbitur
1389 3131 1503 3186 unus.

395 3230 511 3312 Hunc
540 3251 669 3313 tamen
698 3229 819 3313 oblita
849 3258 914 3324 es;
945 3231 1119 3313 numeris
1149 3229 1295 3312 ascribe
1325 3252 1563 3314 merentem:

182 3357 247 3468 Ep.
356 3355 529 3462 (Ilnvisa
556 3357 716 3464 regione
744 3378 885 3452 satum,
915 3385 1031 3464 quem
1063 3355 1181 3438 florea
1209 3353 1323 3439 vallis

395 3483 559 3579 Paverit,
588 3504 625 3566 et
654 3483 777 3567 nostri
805 3504 1019 3591 spretorem
1051 3483 1201 3567 miserit
1229 3483 1331 3566 arvi:

395 3608 550 3693 Pellicis
579 3609 745 3716 imperio
775 3610 1014 3717 premimur;
1045 3608 1308 3692 moribundus
1338 3630 1375 3692 et
1405 3637 1505 3692 unus

397 3736 578 3831 lntroeat,
607 3738 855 3845 spatiumque
884 3735 1009 3818 brevis
1041 3764 1121 3818 non
1152 3734 1302 3843 expleat
1331 3738 1435 3818 anni.

182 3863 253 3946 Mi.
354 3863 499 3966 (Uram
528 3859 673 3969 frange,
703 3890 862 3970 precor:
893 3862 949 3944 nil
979 3889 1154 3970 unquam
1184 3862 1259 3945 tale
1289 3861 1444 3944 iubebo.

397 3989 481 4072 Iam
509 3988 716 4097 tranquilla
746 3989 837 4086 redi,
868 3990 1058 4098 quoniam
1089 4018 1147 4072 res
1177 4017 1321 4096 magna
1349 4011 1501 4099 peracta
1529 4013 1597 4074 est.

396 4114 628 4224 Pamphilus
656 4136 700 4199 ut
729 4116 867 4213 redeat,
897 4117 1017 4198 iustas
1048 4115 1136 4199 licet
1165 4137 1244 4199 arte
1274 4114 1448 4224 querelas
1540 4162 1548 4172 ·

398 4238 659 4337 Abstulimus,
688 4243 844 4326 tacitam
874 4263 1022 4325 mestus
1051 4242 1126 4326 sibi
1155 4241 1310 4325 sorbeat
1339 4243 1448 4324 iram.

182 4367 251 4477 Ep.
355 4365 526 4473 [Multa
554 4363 712 4475 quidem
742 4369 844 4450 curis
873 4366 1066 4463 dedimus,
1098 4368 1254 4476 iamque
1284 4366 1380 4449 hora
1410 4368 1551 4476 quietis

393 4493 486 4575 'Nos
517 4512 640 4574 vocat.
671 4493 875 4585 Accelera;
905 4493 1050 4599 glacies
1079 4515 1229 4601 premat
1259 4492 1413 4601 hispida
1442 4492 1575 4592 eolles,

398 4619 560 4702 Brachia
589 4646 661 4702 nos
690 4621 790 4715 nexi,
820 4618 933 4702 molli
964 4619 1160 4703 iaceamus
1189 4621 1230 4703 in
1261 4619 1363 4702 ulra.
1579 4612 1581 4616 ’

468 4805 588 4892 n'na
607 4827 677 4906 quau.
696 4867 705 4879 ·
723 4839 757 4891 v.
780 4839 845 4923 ns:
864 4839 955 4892 neno.
974 4868 983 4880 ·
1001 4840 1035 4893 v.
1058 4851 1125 4892 ιω
1144 4841 1266 4920 κω,
