4125 5217
802 407 833 457 tt
856 405 1043 458 ruentrcun
1065 405 1196 458 calanen
1577 405 1636 479 179

357 690 390 734 se
409 669 574 733 ascondunt
594 671 671 733 intra
691 669 887 733 domunculas
908 691 985 745 suas,
1001 669 1143 745 timendo,
1158 685 1187 731 et
1208 667 1338 753 agricole
1359 684 1427 732 snm
1443 672 1518 733 intra
1536 691 1639 733 eorum

359 769 416 833 lida
437 770 566 852 tuguria.
587 770 659 833 dicit
681 769 758 850 «lidi
775 771 874 851 tuguri
888 795 915 840 s,
928 790 996 831 nam
1016 771 1148 831 securius
1163 786 1208 831 est
1229 769 1350 833 ibicum
1367 786 1537 853 paupertate
1551 791 1639 855 quarn

359 869 391 931 in
411 871 492 951 atrijs
513 884 543 932 et
564 869 714 952 potentiis,
735 889 794 951 que
821 868 984 951 periculosa
1011 884 1092 931 sunt.
1112 870 1222 930 -‘l'ors
1248 868 1379 952 spernitis
1407 876 1534 953 lcrreprre
1560 877 1643 953 copto

359 967 500 1031 soinriclil
519 967 631 1029 diutili:
659 967 716 1030 ltoc
736 968 809 1030 dicit
831 984 949 1050 propter
980 969 1113 1050 reginam
1145 970 1298 1040 maiorem,
1330 989 1452 1031 uxorem
1482 970 1558 1050 regis
1590 990 1643 1030 ro-

362 1067 434 1150 bertj
457 1082 486 1130 et
507 1083 631 1130 matrem
655 1066 774 1140 lolraoe,
788 1088 847 1150 que
862 1066 996 1149 religioni
1018 1088 1049 1128 se
1065 1067 1188 1129 reddidit
1210 1069 1239 1128 in
1260 1068 1388 1151 quodam
1404 1070 1592 1145 monasterio,
1614 1084 1643 1130 et

339 1167 403 1230 'ita
424 1166 577 1229 submictit
597 1181 686 1250 caput
706 1167 798 1228 hianti
822 1183 915 1241 terre3
930 1168 970 1228 ita
991 1187 1022 1228 se
1044 1165 1212 1228 humiliavit
1232 1165 1348 1247 lugiens
1370 1187 1493 1250 regnunt
1516 1182 1544 1230 et
1562 1188 1645 1229 mun·

362 1269 446 1345 dum,
464 1287 551 1342 rana,
571 1267 647 1335 inter
666 1266 723 1328 hoc
745 1267 825 1350 quod
845 1287 950 1329 onmes
971 1265 1061 1329 nriclti
1093 1265 1163 1328 ltine
1190 1266 1259 1327 inde
1279 1265 1396 1348 lugiunt
1424 1283 1544 1350 propter
1568 1266 1643 1329 mala

364 1367 545 1448 geminantia
566 1367 596 1427 in
624 1386 726 1447 regno.
747 1399 767 1413 ·
788 1363 897 1427 Siluius
918 1372 944 1427 el
961 1365 1068 1449 plilios
1096 1364 1272 1447 fugerunta
1295 1385 1386 1447 regno
1413 1382 1443 1428 et
1464 1368 1493 1427 in
1517 1365 1645 1449 quodam

363 1454 431 1528 loc'o
451 1463 619 1528 habuerunt
639 1463 822 1547 colloquium
845 1484 933 1546 super
953 1463 1007 1526 ltec
1028 1483 1088 1547 que
1115 1480 1180 1527 acta
1202 1466 1232 1525 in
1253 1484 1346 1544 regno
1367 1479 1459 1527 erant.
1481 1464 1529 1527 rel
1556 1465 1646 1528 dicit:

328 1643 344 1650 ..
365 1564 474 1651 Silvios⁸
495 1565 777 1648 cupiit-iaspetiere
797 1563 924 1624 eundem
945 1563 1101 1646 scopulum
1124 1565 1256 1646 precipiti
1284 1564 1387 1646 gradu,
1408 1563 1483 1626 idest
1504 1583 1573 1627 cum
1600 1586 1649 1625 an·

366 1666 463 1747 gnatia
484 1680 514 1727 et
533 1664 636 1727 dolore
657 1679 763 1726 mutuo
786 1677 968 1725 recesserunt
989 1685 1005 1725 a
1027 1684 1130 1745 regno,
1152 1679 1181 1726 et
1203 1663 1306 1747 trepidj
1322 1662 1479 1726 occuluere
1493 1662 1585 1744 (idest
1601 1684 1648 1726 oc·

366 1764 531 1847 cultarere)
553 1765 666 1826 animas
686 1778 716 1825 et
736 1782 861 1845 corpora
882 1764 1002 1846 gentinis
1015 1764 1156 1837 rotuou's,
1176 1763 1246 1846 quia
1267 1765 1297 1825 in
1321 1783 1435 1826 recessu
1463 1764 1594 1845 ipsorum
1618 1784 1650 1826 se

366 1865 538 1927 diviserunt.
560 1866 645 1927 Unus
666 1881 783 1947 nanque
802 1864 858 1925 isit
878 1883 979 1924 sersus
992 1860 1160 1924 solmonent
1181 1863 1307 1944 patriam
1328 1863 1401 1937 eius,
1415 1882 1468 1924 seu
1483 1862 1600 1946 philias,
1621 1878 1651 1923 et

368 1963 477 2026 Silvius
497 1982 568 2025 uero
588 1964 619 2025 in
641 1965 753 2038 tuscia3
776 1976 877 2046 postea
900 1982 970 2023 tero
990 1960 1102 2046 aliquas
1123 1960 1273 2044 epistulas,
1294 1962 1370 2023 inte'r
1394 1982 1445 2023 eos
1466 1964 1651 2035 transmittas,

368 2064 533 2126 scrisernnt
562 2083 651 2145 super
671 2060 725 2124 laec
757 2059 874 2123 infanda
906 2063 1025 2144 negotia
1057 2076 1173 2144 peracta
1205 2062 1235 2122 in
1268 2081 1369 2143 regno,
1391 2076 1544 2142 gementes
1570 2076 1653 2123 etse

369 2161 501 2225 dolentes
521 2160 558 2225 de
588 2161 646 2223 lroc
676 2159 757 2245 qnod
787 2159 943 2223 acciderat.
965 2180 1037 2243 ergo
1068 2160 1158 2222 dicit:
1190 2166 1252 2243 posl
1282 2157 1332 2221 nli
1357 2158 1448 2242 (idest
1480 2164 1652 2245 postquam)

370 2266 523 2345 loripedes,
560 2260 635 2322 idest
665 2280 750 2321 casus
781 2259 932 2335 adsersus,
962 2268 1002 2321 rsl
1020 2259 1130 2343 frnclu,
1158 2258 1250 2334 lessa3
1278 2258 1384 2320 laxatis
1419 2256 1539 2321 altilibus
1568 2258 1652 2342 (qnia

371 2358 464 2422 nubes
493 2357 568 2421 lesse
598 2360 735 2421 ridentur
765 2379 838 2431 esse,
858 2378 929 2421 cum
959 2358 1097 2420 desinunt
1128 2374 1158 2419 et
1190 2372 1362 2431 ranemunt,
1393 2372 1464 2420 tunc
1495 2373 1654 2441 tetnpestas

371 2458 446 2523 fessa
466 2458 589 2541 desinit)
610 2460 685 2520 idest
712 2472 869 2541 postquam
892 2458 946 2520 liet·
975 2457 1052 2520 mala
1073 2474 1153 2529 sunt,
1175 2473 1215 2531 et,
1236 2477 1306 2519 cnm
1327 2456 1474 2519 malorum
1498 2474 1655 2539 rapuerunt

372 2573 402 2622 et
422 2578 574 2620 murmura
587 2555 654 2619 lessi
669 2555 721 2638 celj
738 2555 892 2632 siluerunt,
908 2557 982 2619 idest
997 2578 1098 2619 rumor
1112 2572 1141 2619 et
1156 2556 1254 2619 ferror
1273 2558 1441 2618 animorum
1456 2573 1486 2618 et
1500 2556 1655 2618 hominum

372 2659 526 2739 egeritinm
558 2654 645 2726 mala,
675 2656 776 2739 irtripr'l
805 2656 993 2718 inlacrimans
1021 2657 1127 2740 pbilins
1159 2656 1250 2739 loqui,
1282 2672 1312 2717 et
1342 2657 1383 2718 sic
1414 2658 1475 2718 ait:
1499 2658 1526 2718 0
1552 2658 1656 2739 inpio-r

361 2757 457 2833 ultus,
478 2749 653 2831 adeunti
674 2771 807 2816 nostrum
836 2754 933 2817 scelus
955 2758 1063 2817 meruit
1091 2755 1148 2818 lroc
1169 2772 1204 2817 nt
1230 2756 1363 2818 destruas
1392 2775 1516 2831 omnes;
1545 2756 1572 2817 si
1602 2776 1657 2815 rn-

373 2858 443 2920 5lico
461 2856 537 2918 idest
559 2854 677 2932 ruralia,
697 2855 771 2917 idest
792 2854 887 2916 civilis
909 2856 1001 2937 pietas
1021 2871 1174 2937 pastorum
1194 2890 1215 2902 -
1245 2855 1321 2918 idest
1351 2854 1519 2930 hominurn,
1546 2856 1656 2916 cisium

374 2969 405 3018 et
425 2957 563 3039 precipue
584 2957 731 3018 maiorum
752 2956 884 3016 uirorum
904 2989 925 3002 -
939 2954 1023 3036 (cum
1038 2954 1110 3017 dicit
1124 2971 1276 3038 pastorum
1290 2955 1400 3028 sordet,
1418 2954 1495 3016 idest
1509 2952 1599 3029 tabet,
1613 2954 1656 3014 tel

375 3054 514 3138 languea.
529 3055 604 3122 idest
624 3055 763 3132 inlimta;
784 3075 853 3116 uam
874 3056 967 3137 pietas
987 3053 1104 3115 inlirnra
1126 3070 1180 3129 est,
1195 3075 1265 3117 cum
1285 3074 1350 3116 eam
1373 3056 1465 3117 vincit
1486 3053 1657 3135 cnrdelitas)

375 3154 505 3237 iogrrosre
525 3153 615 3226 siluis,
637 3173 724 3237 parce
745 3154 908 3215 minoribus
930 3153 1043 3216 cit-ibus
1068 3155 1118 3237 qni
1149 3155 1268 3235 innocui
1301 3168 1371 3215 sunt
1391 3152 1479 3214 huius
1501 3153 1553 3231 rei.
1581 3155 1658 3214 Nam

375 3268 497 3337 propter
524 3252 613 3315 silvas
639 3254 776 3315 civitates
806 3269 836 3315 et
862 3256 991 3315 minores
1012 3255 1092 3317 eires
1113 3251 1329 3335 intelliguntur.
1356 3287 1367 3301 ·
1393 3250 1511 3333 innocui
1531 3252 1660 3313 irriserant:

375 3353 480 3437 gregis,
501 3354 639 3414 miserere
660 3352 817 3414 hominum
839 3353 1007 3436 vulgarium
1028 3370 1058 3415 et
1079 3351 1266 3435 popularium
1287 3354 1337 3436 qui
1360 3354 1389 3415 in
1411 3352 1469 3414 ltoc
1489 3353 1659 3413 innocent:-

376 3467 476 3513 sum.·
490 3450 604 3513 melior:
618 3467 651 3514 tu
666 3450 771 3513 melius
786 3467 815 3514 et
831 3454 1026 3535 propitiatius,
1040 3451 1149 3535 collige
1164 3451 1290 3534 capellas
1303 3452 1458 3536 dispersas,
1469 3452 1545 3513 idest
1559 3468 1661 3533 gemes

377 3549 417 3613 ob
437 3552 575 3613 timorem
596 3553 674 3635 captj
704 3550 772 3634 rnalj
805 3553 946 3615 conmissi
978 3568 1049 3615 tunc
1081 3553 1198 3614 timidas
1219 3567 1249 3614 et
1277 3554 1410 3634 agitatas.
1433 3587 1453 3599 -
1479 3549 1583 3618 vlnus,
1608 3553 1663 3611 sin·

377 3658 466 3734 gorlo
485 3651 588 3712 lcrreris
608 3649 735 3735 lalnllis,
750 3659 775 3713 le
795 3658 939 3713 rnormnl:
959 3650 1057 3714 sabula
1084 3667 1128 3714 est
1149 3653 1178 3712 in
1203 3651 1277 3713 silva
1304 3650 1375 3712 olim
1403 3651 1549 3713 nutritum
1576 3648 1664 3710 luisse

379 3753 479 3813 lovem
500 3771 517 3811 a
538 3749 632 3812 cibele
653 3767 747 3813 matre
768 3750 844 3812 laete
865 3752 995 3833 caprino.
1016 3771 1069 3834 per
1090 3750 1166 3813 hane
1194 3749 1324 3812 fabulam
1351 3748 1528 3832 intelligitur
1548 3750 1664 3812 cristus.

377 3849 428 3934 qui
449 3869 485 3910 ex
506 3847 583 3912 lacte
601 3851 733 3933 caprino,
754 3850 829 3912 idest
850 3872 887 3912 es
908 3850 1023 3933 uulgari
1044 3867 1074 3912 et
1094 3850 1226 3912 hnmano
1249 3852 1376 3912 nutritus
1398 3864 1452 3922 est,
1473 3869 1542 3911 cnm
1558 3869 1590 3910 se
1610 3850 1661 3909 in-

379 3964 543 4021 carnatum,
564 3964 595 4013 et
614 3950 722 4013 cibcles
742 3950 852 4013 dicitur
871 3967 967 4013 mater
987 3966 1073 4013 terre.
1095 3954 1138 4013 lta
1169 3966 1200 4013 et
1221 3952 1307 4033 virgo
1328 3951 1419 4012 maria
1441 3949 1551 4011 dicitur
1572 3963 1666 4010 tmner

295 4060 296 4063 ’
379 4063 467 4125 terre,
489 4048 563 4112 idest
583 4052 727 4113 omnium.
745 4051 832 4113 L'nde
853 4049 900 4113 ltic
918 4066 1005 4114 antor
1025 4050 1116 4113 dicit:
1137 4072 1157 4112 o
1181 4052 1299 4134 iupiter,
1320 4065 1352 4112 tu
1374 4049 1490 4123 melius,
1512 4049 1586 4139 idest
1608 4046 1667 4130 pla·

380 4162 464 4211 catus
491 4163 521 4210 et
549 4151 659 4224 mitior,
679 4148 798 4232 collige,
826 4150 900 4212 idest
927 4159 1036 4224 onore,
1069 4151 1173 4224 retine,
1200 4149 1334 4224 deiende,
1362 4164 1486 4232 protege
1513 4148 1666 4229 dispersas.

381 4248 457 4311 idest
483 4247 619 4310 homines
647 4256 818 4311 terrelactos
839 4250 897 4313 lanc
918 4249 1007 4313 malo.
1029 4283 1050 4296 -
1076 4248 1170 4310 Ultra
1193 4250 1315 4332 uirginis
1336 4251 1437 4323 marie,
1459 4268 1517 4331 que
1537 4246 1666 4308 lnnnana

381 4349 446 4425 luit,
466 4364 497 4411 te
518 4363 658 4412 moveant
677 4350 713 4411 ad
735 4350 985 4413 reconciliandum
998 4370 1114 4423 tituttcS,
1128 4348 1230 4425 ubera,
1244 4351 1358 4432 signata
1373 4349 1471 4432 (dico)
1487 4349 1545 4409 tuis
1559 4348 1667 4408 teneris

382 4448 504 4513 labellis.
524 4484 537 4497 ·
556 4451 614 4511 nisi
630 4450 710 4533 forle
730 4458 844 4512 nrrlnr:
867 4449 1020 4512 labnlaest
1041 4449 1113 4511 deos
1134 4451 1163 4512 io
1184 4448 1250 4512 celo
1272 4451 1308 4511 ad
1323 4469 1454 4512 mensim
1476 4449 1519 4509 uti
1540 4446 1667 4530 quadam

383 4550 504 4632 potione
531 4568 589 4633 que
611 4565 713 4611 nectar
740 4566 874 4624 vocatur,
894 4551 974 4635 quod
1005 4550 1251 4613 iocundissimum
1285 4548 1424 4633 poculum
1446 4562 1500 4620 est,
1528 4561 1561 4607 ut
1583 4561 1669 4605 antor

384 4648 490 4725 illudit,
505 4650 627 4732 poetice.
641 4648 809 4732 loquend03
823 4652 907 4734 qnasi
920 4651 1015 4713 dicat:
1039 4651 1069 4713 Ο
1091 4651 1209 4733 iupiter,
1225 4663 1364 4711 morcant
1379 4664 1408 4709 te
1422 4646 1512 4709 ubera
1533 4647 1668 4725 singnata

384 4750 443 4812 tuis
464 4751 571 4813 teneris
592 4747 716 4824 labellis,
730 4750 786 4811 nisi
806 4747 883 4812 sorte
903 4766 1004 4814 nectar
1023 4751 1166 4836 astrigere
1179 4748 1257 4826 aule,
1271 4749 1345 4811 idest
1366 4748 1483 4809 celestis
1509 4744 1681 4804 insessione
