4125 5217
851 402 883 451 u
905 402 1095 453 sucoucms
1117 404 1246 454 canum
1623 407 1687 478 ²77

407 660 488 725 alias.
508 696 529 710 -
549 662 706 726 himeneus:
727 662 929 727 delectabatur
948 666 991 729 ite
1009 666 1046 728 ad
1061 668 1189 751 nuptias,
1209 682 1243 730 ut
1268 666 1402 731 dominas
1423 683 1453 731 et
1474 668 1586 753 puellas
1606 672 1692 754 aspi-

407 776 489 826 ceret
508 759 523 845 (
543 760 569 847 ).

492 860 622 927 Tertius:
644 861 782 926 describit
807 861 898 927 alium
927 864 1105 928 cardinalem
1132 867 1182 950 qui
1211 881 1337 951 utroque
1365 867 1438 930 vitio
1465 866 1581 933 luxurie
1606 870 1694 934 inca-

408 961 537 1027 lescebat
557 976 587 1026 ct
608 961 718 1026 multos
739 961 843 1026 habuit
865 962 951 1041 filios,
971 984 1047 1049 quos
1061 964 1188 1048 prelatos
1209 963 1344 1029 iaciebat.
1357 1000 1368 1014 ·
1382 967 1483 1029 terreris
1497 967 1594 1030 ludis:
1615 970 1694 1032 iure·

409 1062 495 1127 nibus
516 1063 624 1147 pueris.
645 1097 665 1109 -
685 1069 834 1147 nepotum:
856 1064 925 1148 quia
946 1063 1112 1127 sacerdotes
1135 1063 1210 1127 tilios
1231 1064 1332 1128 dixere
1352 1083 1483 1149 nepotes.

492 1164 560 1225 Ecce
580 1162 655 1225 duo:
676 1160 815 1225 describit
836 1161 908 1224 alios
928 1163 1140 1241 discordantes,
1161 1168 1211 1248 qui
1233 1167 1361 1228 ins-icem
1389 1165 1543 1250 litigabant
1564 1183 1594 1231 et
1614 1189 1695 1231 scan-

410 1261 476 1327 dala
497 1263 630 1326 incuria
651 1276 681 1325 et
708 1260 876 1325 civitatibus
905 1283 1008 1325 eorum
1036 1265 1262 1338 suscitareruut.
1283 1301 1304 1313 ·
1331 1265 1384 1328 lile
1405 1266 1536 1351 quidem:
1558 1267 1696 1332 describit

412 1363 504 1427 alium
525 1360 655 1425 nobilem
676 1362 727 1424 sed
748 1365 966 1447 symoniacum,
986 1365 1036 1448 qui
1060 1363 1113 1427 tuit
1140 1364 1177 1427 de
1198 1367 1324 1428 Ursinis.
1345 1400 1366 1413 -
1386 1366 1462 1428 Huic
1480 1366 1584 1430 bostis:
1604 1367 1695 1431 alium

411 1462 550 1529 describit
570 1464 738 1548 precedenti
760 1464 893 1527 emulum
914 1464 1045 1527 nobilem
1074 1480 1104 1528 et
1131 1486 1243 1542 senem,
1263 1468 1314 1551 qui
1336 1464 1391 1529 luit
1410 1465 1620 1530 columnensis.
1645 1471 1695 1532 lsti

411 1563 610 1630 duo-luerunt
630 1564 792 1628 cardinales
817 1564 876 1627 duo
904 1564 940 1628 de
962 1567 1077 1629 Ursinis
1106 1581 1136 1628 et
1162 1565 1412 1629 columnensibns.
1433 1602 1454 1613 -
1475 1588 1530 1628 nou
1551 1567 1620 1630 itte:
1640 1590 1697 1631 co-

412 1664 605 1730 lumnensis...
627 1680 690 1729 erat
710 1664 770 1729 dua
786 1685 907 1727 romane
920 1667 1059 1742 civitatis,
1073 1666 1191 1751 quaudo
1213 1670 1346 1731 Romana
1363 1667 1443 1729 curia
1457 1667 1570 1729 dimisit
1584 1667 1697 1730 italiam

412 1780 501 1851 atque
522 1768 649 1832 Romam
677 1779 707 1827 et
734 1766 913 1828 Arinionem
941 1764 1071 1849 proiecta
1100 1780 1153 1828 eat.
1174 1801 1194 1813 -
1212 1768 1345 1851 prirnus:
1369 1767 1505 1829 Ursinus.
1534 1765 1698 1830 cardinalis

412 1886 466 1930 seu
486 1864 523 1929 de
544 1866 660 1931 Ursinis
680 1864 816 1929 hortatus
837 1881 882 1929 est
902 1865 975 1929 alios
989 1866 1026 1928 ad
1040 1887 1203 1943 accessum,
1218 1881 1248 1929 et
1263 1887 1315 1951 per
1331 1886 1410 1928 nure
1424 1868 1480 1929 iter
1497 1864 1651 1951 lecimus(
1671 1870 1696 1951 ).

494 1965 591 2030 beru:
614 1963 732 2029 volebat
757 1967 837 2029 enim
864 1966 979 2029 italicos
1006 1965 1169 2030 cardinales
1189 1986 1299 2030 creare.
1320 2001 1340 2013 -
1365 1966 1523 2051 songm'nr:
1547 1964 1658 2029 italien.
1678 2002 1699 2015 ·

413 2086 541 2130 cernuo:
563 2067 660 2151 capita
680 2064 815 2149 superba.
836 2100 858 2113 -
876 2073 968 2129 serto:
997 2064 1121 2150 capello.
1148 2101 1170 2114 -
1188 2064 1331 2151 floribus:
1353 2063 1390 2127 de
1417 2065 1525 2128 nostris
1552 2064 1698 2150 gentibus.

411 2199 433 2215 ·
452 2165 595 2229 remoris:
623 2165 692 2250 quia
719 2164 809 2228 habet
837 2187 941 2229 nasum
969 2181 1138 2229 tortuosum
1166 2182 1196 2229 et
1222 2186 1348 2229 curvum
1373 2166 1452 2229 sieut
1471 2162 1513 2228 illi
1534 2186 1622 2229 canes
1648 2167 1699 2251 qui

411 2264 553 2330 dicuutur
573 2267 686 2329 camusi
706 2299 717 2313 ·
737 2285 870 2328 comunes
891 2286 998 2350 grece;
1027 2264 1118 2329 iatine
1144 2287 1263 2342 curvus,
1285 2265 1353 2328 iude
1380 2285 1528 2329 camuros.
1549 2286 1577 2327 a.
1598 2285 1658 2328 um.
1679 2300 1700 2313 ·

412 2401 433 2415 -
451 2364 525 2451 pelle
545 2364 679 2430 revrrlso:
700 2368 770 2451 quia
791 2364 973 2429 mutabimus
994 2382 1091 2429 vestes
1114 2365 1319 2430 bacchanales.
1340 2401 1360 2413 -
1380 2367 1424 2428 En
1446 2385 1573 2450 quoqne:
1595 2364 1701 2430 descri-

415 2465 459 2529 bit
474 2465 549 2529 alios
569 2487 586 2529 a
609 2465 719 2550 rapina,
742 2486 795 2529 seu
816 2465 1037 2530 Colunn‘ensem
1058 2469 1109 2551 qui
1130 2466 1264 2530 modeste
1286 2465 1414 2552 rapiebat
1436 2481 1467 2529 et
1487 2468 1629 2530 Ursinum
1649 2467 1700 2551 qui

413 2566 527 2651 impetu
548 2565 713 2650 diripiebat.
734 2602 754 2614 -
780 2566 888 2651 Teque:
910 2568 1051 2631 Ostendit
1070 2567 1151 2652 qnod
1171 2568 1231 2645 hic,
1252 2567 1363 2652 dequo
1383 2566 1524 2651 loquitur,
1539 2565 1711 2631 Cardinaiis.

414 2665 450 2731 dc
472 2667 587 2732 Ursinis
609 2668 720 2730 uitetur
742 2670 904 2732 Romanam
921 2669 1041 2730 Curiam
1062 2667 1099 2728 de
1114 2666 1201 2751 gallia
1222 2668 1259 2729 ad
1283 2666 1396 2730 ltaliam
1418 2687 1566 2729 reuocare.
1580 2702 1590 2713 ·
1605 2675 1701 2730 tunso:

414 2767 482 2851 quia
504 2768 569 2829 siue
588 2765 756 2830 velleribus.
777 2802 796 2814 -
818 2764 907 2829 lucis:
928 2768 997 2851 quia
1018 2786 1123 2829 ornnes
1150 2766 1197 2851 aiij
1221 2765 1392 2843 cardinales,
1413 2768 1476 2829 istis
1498 2766 1614 2831 duobus
1637 2771 1702 2832 Ro-

415 2867 511 2930 manis
532 2868 671 2951 exeeptis,
693 2880 776 2929 erant
797 2866 932 2952 gallici(
953 2867 978 2952 ).

486 3301 525 3366 (t)
544 3300 594 3351 Ite
607 3300 713 3367 pmutz
731 3296 868 3351 cardinalis
887 3298 920 3351 de
938 3296 1110 3366 burgundia...
1129 3307 1255 3350 remotum
1275 3297 1386 3350 tanede
1404 3295 1489 3360 curia}
1506 3306 1533 3350 et
1551 3306 1637 3349 narrat
1656 3316 1702 3350 sua

340 3459 344 3469 Ι
414 3389 485 3443 sitia.
504 3390 647 3458 -fsonds'sr
666 3389 827 3442 seminarum.
846 3418 856 3429 ·
872 3390 958 3441 herde:
977 3389 1129 3457 puellarum.
1149 3419 1159 3430 ·
1177 3391 1284 3457 capelle:
1307 3388 1462 3441 meretriees.
1482 3418 1492 3428 ·
1510 3405 1636 3440 venerem:
1655 3407 1700 3442 seu

414 3481 533 3533 iuvenem
550 3490 595 3533 aut
614 3498 712 3544 senem,
729 3481 770 3533 vel
789 3480 935 3534 monialem.
956 3510 965 3522 -
983 3489 1064 3549 septo:
1086 3482 1248 3534 monasteria.
1269 3511 1278 3521 -
1297 3489 1399 3547 capros:
1419 3496 1548 3532 monacas.
1574 3509 1583 3519 ·
1607 3482 1700 3532 ovilio:

414 3571 578 3624 monasteria.
596 3600 607 3611 ·
623 3572 740 3623 dumeta:
759 3570 922 3624 monateria.
943 3600 952 3611 ·
971 3572 1111 3622 liniemus:
1129 3570 1254 3623 amicitias
1274 3587 1447 3623 monacorum.

487 3664 526 3729 (2)
544 3657 599 3736 [Cr]
612 3664 700 3731 anter:
712 3662 854 3714 orientalis.
867 3691 877 3702 ·
890 3662 1016 3713 candidus
1029 3664 1087 3714 ille:
1099 3662 1279 3714 occidentalis:
1292 3661 1425 3729 hispanus.
1438 3690 1446 3700 ·
1459 3678 1510 3711 non
1523 3678 1571 3711 suo
1586 3660 1703 3711 molens:

414 3752 511 3822 Tangit
529 3754 577 3821 xuj
595 3752 752 3805 cardinalem
770 3762 896 3805 remotum
915 3752 992 3821 louge
1010 3754 1044 3805 de
1061 3752 1178 3804 Romana
1196 3751 1275 3804 cuma.
1301 3781 1311 3791 ·
1336 3753 1396 3803 non
1421 3752 1466 3803 ille
1489 3752 1601 3802 vodrrm:
1625 3750 1704 3803 Curia

415 3842 533 3895 Romana
550 3844 626 3895 anuis
644 3844 747 3911 muttjj
767 3842 837 3895 stetit
855 3842 883 3894 iu
901 3842 1003 3895 civitate
1021 3842 1213 3895 Aveuioueusi:
1232 3844 1337 3894 demum
1354 3839 1475 3895 domiuus
1498 3842 1606 3894 Exidius
1624 3841 1703 3894 eardi-

415 3932 482 3986 ualis
500 3931 650 3985 sabinensis
668 3933 700 3985 de
718 3932 837 4000 hispania
854 3949 900 4001 per
919 3933 1044 4000 prefatum
1063 3933 1196 3984 domiuum
1214 3949 1308 4001 papam
1324 3931 1482 3984 Clementem
1496 3931 1591 3984 missus
1610 3929 1657 3982 tuit
1676 3932 1702 3982 iu

415 4022 526 4087 Italiam,
543 4023 590 4093 qui
608 4023 766 4092 recuperarit
790 4033 872 4076 totum
897 4032 991 4075 statum
1016 4023 1183 4091 temporalem
1207 4022 1320 4093 Ecclesie
1341 4022 1466 4075 Romane.
1493 4022 1529 4075 ita
1554 4032 1581 4073 ut
1606 4032 1703 4090 postea,

416 4114 533 4167 Romam
551 4114 629 4167 Curia
647 4115 675 4167 iu
693 4114 795 4167 Italiam
814 4115 898 4182 redijt.
1573 4119 1582 4131 '

485 4207 524 4272 (3)
536 4205 650 4273 secunde
668 4214 774 4257 aaronem
793 4205 885 4258 divites
903 4205 1026 4258 civitates.
1046 4234 1055 4245 -
1072 4212 1150 4257 serto:
1169 4204 1294 4273 dtgniute
1312 4203 1429 4273 cappelli.
1449 4234 1458 4243 ·
1473 4205 1600 4272 floribus:
1617 4202 1702 4271 digni-

414 4296 509 4350 tatibus
527 4313 633 4349 romaue
651 4296 730 4364 curie.
750 4325 759 4335 ·
776 4298 901 4365 liquitur:
924 4296 1040 4349 nominat
1063 4297 1193 4364 quendam
1218 4298 1250 4349 de
1276 4295 1423 4363 Burgundis
1449 4296 1586 4347 habentem
1609 4293 1703 4345 multos

414 4387 481 4441 fiilos
498 4396 525 4442 et
543 4387 668 4457 Nepotes.
686 4416 696 4427 ·
713 4405 809 4439 comus
828 4388 957 4456 superbia.
976 4416 985 4427 ·
1003 4388 1111 4438 alteror:
1130 4385 1245 4439 nominat
1259 4403 1339 4437 unum
1352 4386 1426 4438 ualde
1438 4386 1579 4454 ypocritam
1591 4382 1635 4454 qui
1649 4393 1703 4436 erat

412 4480 548 4549 episeopus
557 4499 567 4544 ;
585 4480 627 4533 hie
644 4497 691 4533 sua
709 4479 803 4531 astutia
821 4479 949 4548 persuasit
967 4479 1042 4532 alteri
1061 4490 1089 4532 ut
1107 4480 1158 4533 sibi
1177 4497 1252 4533 suum
1271 4479 1435 4532 denuntiaret
1454 4478 1616 4539 benefitium
1627 4488 1653 4529 et
1667 4476 1704 4529 sie

411 4572 471 4627 iecit
488 4580 515 4626 et
531 4570 618 4642 ipsum
636 4571 748 4640 iugarit3
766 4581 873 4640 uterque
892 4580 965 4623 erant
983 4573 1016 4624 de
1039 4572 1155 4624 Flandia.
1179 4602 1189 4613 ·
1215 4574 1266 4624 Ilii
1292 4580 1390 4639 turpm
1415 4571 1468 4623 duo
1492 4569 1553 4623 novi
1578 4569 1703 4631 curialesa

411 4662 485 4735 pouit
502 4663 569 4717 duos
583 4663 632 4733 qui
651 4670 776 4715 venerunt
793 4679 876 4731 nuper
894 4664 926 4715 de
946 4662 1054 4715 Flandia
1072 4663 1117 4730 qui
1135 4673 1208 4716 eraut
1227 4663 1304 4716 boni:
1324 4662 1369 4715 sed
1381 4660 1525 4730 dicitquod
1538 4660 1703 4729 eitoeapieut

413 4754 495 4809 malea
520 4769 606 4808 meres
627 4753 744 4807 Romana
758 4750 933 4838 quaeq-[Hs
956 4753 1019 4806 diros
1045 4770 1091 4807 seu
1115 4752 1235 4807 teutonici
1260 4752 1380 4806 mortales
1405 4750 1461 4805 uria
1486 4761 1591 4821 propter
1614 4748 1702 4803 munau
