<?xml version="1.0" encoding="UTF-8"?>
<!DOCTYPE html PUBLIC "-//W3C//DTD XHTML 1.0 Transitional//EN"
    "http://www.w3.org/TR/xhtml1/DTD/xhtml1-transitional.dtd">
<html xmlns="http://www.w3.org/1999/xhtml" xml:lang="en" lang="en">
 <head>
  <title>
</title>
<meta http-equiv="Content-Type" content="text/html;charset=utf-8" />
  <meta name='ocr-system' content='tesseract 3.04.00' />
  <meta name='ocr-capabilities' content='ocr_page ocr_carea ocr_par ocr_line ocrx_word'/>
</head>
<body>
  <div class='ocr_page' id='page_1' title='image "./ilbucolicumcarm00avengoog_0234.png"; bbox 0 0 4125 5217; ppageno 0'>
   <div class='ocr_carea' id='block_1_1' title="bbox 385 372 1169 444">
    <p class='ocr_par' dir='ltr' id='par_1_1' title="bbox 385 372 1169 444">
     <span class='ocr_line' id='line_1_1' title="bbox 385 372 1169 444; baseline -0.008 -18"><span class='ocrx_word' id='word_1_1' title='bbox 385 376 450 444; x_wconf 77' lang='lat'>224</span> <span class='ocrx_word' id='word_1_2' title='bbox 888 372 1039 423; x_wconf 79' lang='lat' dir='ltr'>antonio</span> <span class='ocrx_word' id='word_1_3' title='bbox 1062 373 1169 422; x_wconf 73' lang='lat' dir='ltr'>avena</span> 
     </span>
    </p>
   </div>
   <div class='ocr_carea' id='block_1_2' title="bbox 304 635 1725 4701">
    <p class='ocr_par' dir='ltr' id='par_1_2' title="bbox 304 635 1725 1913">
     <span class='ocr_line' id='line_1_2' title="bbox 463 635 1672 728; baseline -0.002 -27"><span class='ocrx_word' id='word_1_4' title='bbox 463 648 546 724; x_wconf 85' lang='lat' dir='ltr'>pecus</span> <span class='ocrx_word' id='word_1_5' title='bbox 565 640 641 722; x_wconf 80' lang='lat' dir='ltr'>gerit</span> <span class='ocrx_word' id='word_1_6' title='bbox 659 635 770 723; x_wconf 82' lang='lat' dir='ltr'>[terga]</span> <span class='ocrx_word' id='word_1_7' title='bbox 791 635 899 699; x_wconf 85' lang='lat' dir='ltr'>afflicta</span> <span class='ocrx_word' id='word_1_8' title='bbox 920 635 1098 708; x_wconf 75' lang='lat' dir='ltr'>macredine,</span> <span class='ocrx_word' id='word_1_9' title='bbox 1119 637 1272 719; x_wconf 89' lang='lat' dir='ltr'>antiquato</span> <span class='ocrx_word' id='word_1_10' title='bbox 1295 635 1380 710; x_wconf 81' lang='lat' dir='ltr'>sitio;</span> <span class='ocrx_word' id='word_1_11' title='bbox 1402 656 1451 698; x_wconf 90' lang='lat' dir='ltr'>nte</span> <span class='ocrx_word' id='word_1_12' title='bbox 1470 650 1608 719; x_wconf 58' lang='lat' dir='ltr'>opportet</span> <span class='ocrx_word' id='word_1_13' title='bbox 1628 656 1672 728; x_wconf 70' lang='lat'>¹⁸⁶.</span> 
     </span>
     <span class='ocr_line' id='line_1_3' title="bbox 383 734 1671 823; baseline -0.005 -19"><span class='ocrx_word' id='word_1_14' title='bbox 383 739 489 805; x_wconf 81' lang='lat' dir='ltr'>cedere</span> <span class='ocrx_word' id='word_1_15' title='bbox 509 740 578 823; x_wconf 91' lang='lat' dir='ltr'>quia</span> <span class='ocrx_word' id='word_1_16' title='bbox 600 758 666 801; x_wconf 90' lang='lat' dir='ltr'>mec</span> <span class='ocrx_word' id='word_1_17' title='bbox 692 757 764 800; x_wconf 89' lang='lat' dir='ltr'>oves</span> <span class='ocrx_word' id='word_1_18' title='bbox 791 751 861 799; x_wconf 90' lang='lat' dir='ltr'>sunt</span> <span class='ocrx_word' id='word_1_19' title='bbox 888 756 1029 822; x_wconf 81' lang='lat' dir='ltr'>pauperes</span> <span class='ocrx_word' id='word_1_20' title='bbox 1058 736 1223 797; x_wconf 77' lang='lat' dir='ltr'>inveterato</span> <span class='ocrx_word' id='word_1_21' title='bbox 1251 734 1365 797; x_wconf 92' lang='lat' dir='ltr'>morbo.</span> <span class='ocrx_word' id='word_1_22' title='bbox 1386 738 1469 820; x_wconf 80' lang='lat' dir='ltr'>quasi</span> <span class='ocrx_word' id='word_1_23' title='bbox 1495 736 1593 798; x_wconf 83' lang='lat' dir='ltr'>dicat:</span> <span class='ocrx_word' id='word_1_24' title='bbox 1614 756 1671 819; x_wconf 78' lang='lat' dir='ltr'>ego</span> 
     </span>
     <span class='ocr_line' id='line_1_4' title="bbox 385 835 1673 923; baseline -0.003 -20"><span class='ocrx_word' id='word_1_25' title='bbox 385 861 453 903; x_wconf 91' lang='lat' dir='ltr'>sum</span> <span class='ocrx_word' id='word_1_26' title='bbox 475 840 633 923; x_wconf 80' lang='lat' dir='ltr'>pauperior</span> <span class='ocrx_word' id='word_1_27' title='bbox 659 858 748 923; x_wconf 89' lang='lat' dir='ltr'>quam</span> <span class='ocrx_word' id='word_1_28' title='bbox 778 854 860 912; x_wconf 89' lang='lat' dir='ltr'>tuuc,</span> <span class='ocrx_word' id='word_1_29' title='bbox 882 853 911 899; x_wconf 89' lang='lat' dir='ltr'>et</span> <span class='ocrx_word' id='word_1_30' title='bbox 932 855 1005 919; x_wconf 89' lang='lat' dir='ltr'>pure</span> <span class='ocrx_word' id='word_1_31' title='bbox 1033 837 1184 898; x_wconf 89' lang='lat' dir='ltr'>ansietatis</span> <span class='ocrx_word' id='word_1_32' title='bbox 1206 838 1365 919; x_wconf 80' lang='lat' dir='ltr'>pungiture</span> <span class='ocrx_word' id='word_1_33' title='bbox 1386 835 1547 899; x_wconf 76' lang='lat' dir='ltr'>dilacerant</span> <span class='ocrx_word' id='word_1_34' title='bbox 1569 852 1673 919; x_wconf 89' lang='lat' dir='ltr'>putre·</span> 
     </span>
     <span class='ocr_line' id='line_1_5' title="bbox 304 933 1673 1021; baseline -0.001 -22"><span class='ocrx_word' id='word_1_35' title='bbox 304 994 307 999; x_wconf 79' lang='lat'><strong>.</strong></span> <span class='ocrx_word' id='word_1_36' title='bbox 386 955 502 1018; x_wconf 84' lang='lat' dir='ltr'>scentes</span> <span class='ocrx_word' id='word_1_37' title='bbox 522 939 614 1001; x_wconf 87' lang='lat' dir='ltr'>lanas.</span> <span class='ocrx_word' id='word_1_38' title='bbox 635 939 718 1021; x_wconf 85' lang='lat' dir='ltr'>quasi</span> <span class='ocrx_word' id='word_1_39' title='bbox 739 938 837 1001; x_wconf 88' lang='lat' dir='ltr'>dicat:</span> <span class='ocrx_word' id='word_1_40' title='bbox 859 934 969 999; x_wconf 81' lang='lat' dir='ltr'>fructus</span> <span class='ocrx_word' id='word_1_41' title='bbox 999 956 1082 997; x_wconf 90' lang='lat' dir='ltr'>meus</span> <span class='ocrx_word' id='word_1_42' title='bbox 1111 933 1202 997; x_wconf 79' lang='lat' dir='ltr'>nichil</span> <span class='ocrx_word' id='word_1_43' title='bbox 1223 951 1278 1009; x_wconf 79' lang='lat' dir='ltr'>est3</span> <span class='ocrx_word' id='word_1_44' title='bbox 1300 956 1371 1017; x_wconf 80' lang='lat' dir='ltr'>crgo</span> <span class='ocrx_word' id='word_1_45' title='bbox 1399 956 1473 1017; x_wconf 81' lang='lat' dir='ltr'>aqua</span> <span class='ocrx_word' id='word_1_46' title='bbox 1496 937 1578 997; x_wconf 85' lang='lat' dir='ltr'>istius</span> <span class='ocrx_word' id='word_1_47' title='bbox 1599 955 1673 1018; x_wconf 91' lang='lat' dir='ltr'>pro-</span> 
     </span>
     <span class='ocr_line' id='line_1_6' title="bbox 308 1033 1673 1121; baseline -0.005 -19"><span class='ocrx_word' id='word_1_48' title='bbox 308 1081 311 1087; x_wconf 53' lang='lat'><em>1</em></span> <span class='ocrx_word' id='word_1_49' title='bbox 387 1041 485 1103; x_wconf 81' lang='lat' dir='ltr'>sincie</span> <span class='ocrx_word' id='word_1_50' title='bbox 505 1058 566 1100; x_wconf 92' lang='lat' dir='ltr'>non</span> <span class='ocrx_word' id='word_1_51' title='bbox 587 1036 719 1121; x_wconf 86' lang='lat' dir='ltr'>prolicua</span> <span class='ocrx_word' id='word_1_52' title='bbox 740 1051 784 1099; x_wconf 88' lang='lat' dir='ltr'>est</span> <span class='ocrx_word' id='word_1_53' title='bbox 805 1034 906 1109; x_wconf 87' lang='lat' dir='ltr'>michi,</span> <span class='ocrx_word' id='word_1_54' title='bbox 928 1048 957 1098; x_wconf 91' lang='lat' dir='ltr'>et</span> <span class='ocrx_word' id='word_1_55' title='bbox 978 1055 1094 1096; x_wconf 90' lang='lat' dir='ltr'>morsus</span> <span class='ocrx_word' id='word_1_56' title='bbox 1109 1033 1267 1097; x_wconf 87' lang='lat' dir='ltr'>herbarum</span> <span class='ocrx_word' id='word_1_57' title='bbox 1282 1054 1341 1095; x_wconf 91' lang='lat' dir='ltr'>non</span> <span class='ocrx_word' id='word_1_58' title='bbox 1355 1050 1424 1095; x_wconf 90' lang='lat' dir='ltr'>sunt</span> <span class='ocrx_word' id='word_1_59' title='bbox 1439 1034 1562 1117; x_wconf 85' lang='lat' dir='ltr'>proficui</span> <span class='ocrx_word' id='word_1_60' title='bbox 1584 1034 1673 1097; x_wconf 91' lang='lat' dir='ltr'>michi</span> 
     </span>
     <span class='ocr_line' id='line_1_7' title="bbox 388 1133 1674 1218; baseline -0.005 -16"><span class='ocrx_word' id='word_1_61' title='bbox 388 1155 418 1202; x_wconf 92' lang='lat' dir='ltr'>et</span> <span class='ocrx_word' id='word_1_62' title='bbox 438 1138 580 1201; x_wconf 89' lang='lat' dir='ltr'>humores</span> <span class='ocrx_word' id='word_1_63' title='bbox 602 1157 661 1198; x_wconf 91' lang='lat' dir='ltr'>non</span> <span class='ocrx_word' id='word_1_64' title='bbox 683 1154 753 1198; x_wconf 90' lang='lat' dir='ltr'>suot</span> <span class='ocrx_word' id='word_1_65' title='bbox 772 1133 914 1197; x_wconf 89' lang='lat' dir='ltr'>salutares</span> <span class='ocrx_word' id='word_1_66' title='bbox 936 1133 1037 1208; x_wconf 90' lang='lat' dir='ltr'>michi,</span> <span class='ocrx_word' id='word_1_67' title='bbox 1060 1134 1122 1217; x_wconf 90' lang='lat' dir='ltr'>ipse</span> <span class='ocrx_word' id='word_1_68' title='bbox 1141 1154 1192 1197; x_wconf 87' lang='lat' dir='ltr'>aer</span> <span class='ocrx_word' id='word_1_69' title='bbox 1220 1134 1312 1196; x_wconf 81' lang='lat' dir='ltr'>reddit</span> <span class='ocrx_word' id='word_1_70' title='bbox 1334 1133 1424 1196; x_wconf 83' lang='lat' dir='ltr'>michi</span> <span class='ocrx_word' id='word_1_71' title='bbox 1445 1136 1674 1218; x_wconf 58' lang='lat' dir='ltr'>suspirationem</span> 
     </span>
     <span class='ocr_line' id='line_1_8' title="bbox 388 1232 1675 1323; baseline -0.005 -23"><span class='ocrx_word' id='word_1_72' title='bbox 388 1236 472 1323; x_wconf 87' lang='lat' dir='ltr'>quasi</span> <span class='ocrx_word' id='word_1_73' title='bbox 493 1235 592 1300; x_wconf 89' lang='lat' dir='ltr'>dicat:</span> <span class='ocrx_word' id='word_1_74' title='bbox 621 1256 718 1319; x_wconf 89' lang='lat' dir='ltr'>neque</span> <span class='ocrx_word' id='word_1_75' title='bbox 744 1255 803 1310; x_wconf 87' lang='lat' dir='ltr'>aer,</span> <span class='ocrx_word' id='word_1_76' title='bbox 825 1253 921 1318; x_wconf 86' lang='lat' dir='ltr'>neque</span> <span class='ocrx_word' id='word_1_77' title='bbox 941 1254 1016 1318; x_wconf 88' lang='lat' dir='ltr'>aqua</span> <span class='ocrx_word' id='word_1_78' title='bbox 1047 1232 1142 1316; x_wconf 87' lang='lat' dir='ltr'>placet</span> <span class='ocrx_word' id='word_1_79' title='bbox 1170 1232 1270 1295; x_wconf 89' lang='lat' dir='ltr'>michi.</span> <span class='ocrx_word' id='word_1_80' title='bbox 1291 1267 1311 1280; x_wconf 94' lang='lat'><em>-</em></span> <span class='ocrx_word' id='word_1_81' title='bbox 1338 1253 1394 1294; x_wconf 83' lang='lat' dir='ltr'>ecce</span> <span class='ocrx_word' id='word_1_82' title='bbox 1421 1234 1486 1295; x_wconf 44' lang='lat' dir='ltr'>*uari</span> <span class='ocrx_word' id='word_1_83' title='bbox 1512 1233 1548 1294; x_wconf 90' lang='lat' dir='ltr'>ad</span> <span class='ocrx_word' id='word_1_84' title='bbox 1570 1252 1675 1315; x_wconf 88' lang='lat' dir='ltr'>panem</span> 
     </span>
     <span class='ocr_line' id='line_1_9' title="bbox 388 1330 1676 1418; baseline -0.005 -18"><span class='ocrx_word' id='word_1_85' title='bbox 388 1351 476 1400; x_wconf 89' lang='lat' dir='ltr'>tuum</span> <span class='ocrx_word' id='word_1_86' title='bbox 498 1350 529 1398; x_wconf 90' lang='lat' dir='ltr'>et</span> <span class='ocrx_word' id='word_1_87' title='bbox 548 1335 616 1416; x_wconf 86' lang='lat' dir='ltr'>stetj</span> <span class='ocrx_word' id='word_1_88' title='bbox 638 1333 766 1396; x_wconf 87' lang='lat' dir='ltr'>admodo</span> <span class='ocrx_word' id='word_1_89' title='bbox 787 1353 839 1418; x_wconf 85' lang='lat' dir='ltr'>per</span> <span class='ocrx_word' id='word_1_90' title='bbox 859 1334 918 1395; x_wconf 82' lang='lat' dir='ltr'>XX</span> <span class='ocrx_word' id='word_1_91' title='bbox 938 1333 1033 1408; x_wconf 87' lang='lat' dir='ltr'>annis,</span> <span class='ocrx_word' id='word_1_92' title='bbox 1055 1347 1085 1394; x_wconf 93' lang='lat' dir='ltr'>et</span> <span class='ocrx_word' id='word_1_93' title='bbox 1106 1347 1206 1395; x_wconf 91' lang='lat' dir='ltr'>tamen</span> <span class='ocrx_word' id='word_1_94' title='bbox 1227 1331 1318 1395; x_wconf 86' lang='lat' dir='ltr'>nichil</span> <span class='ocrx_word' id='word_1_95' title='bbox 1339 1330 1434 1394; x_wconf 85' lang='lat' dir='ltr'>habeo</span> <span class='ocrx_word' id='word_1_96' title='bbox 1455 1332 1527 1395; x_wconf 91' lang='lat' dir='ltr'>dunt</span> <span class='ocrx_word' id='word_1_97' title='bbox 1549 1334 1676 1394; x_wconf 82' lang='lat' dir='ltr'>revertar</span> 
     </span>
     <span class='ocr_line' id='line_1_10' title="bbox 388 1430 1676 1521; baseline -0.005 -22"><span class='ocrx_word' id='word_1_98' title='bbox 388 1437 421 1500; x_wconf 88' lang='lat' dir='ltr'>in</span> <span class='ocrx_word' id='word_1_99' title='bbox 442 1432 575 1521; x_wconf 78' lang='lat' dir='ltr'>ytaliam,</span> <span class='ocrx_word' id='word_1_100' title='bbox 597 1454 657 1495; x_wconf 92' lang='lat' dir='ltr'>non</span> <span class='ocrx_word' id='word_1_101' title='bbox 678 1433 773 1515; x_wconf 80' lang='lat' dir='ltr'>magis</span> <span class='ocrx_word' id='word_1_102' title='bbox 800 1431 957 1514; x_wconf 89' lang='lat' dir='ltr'>ampliatus</span> <span class='ocrx_word' id='word_1_103' title='bbox 979 1430 1055 1494; x_wconf 91' lang='lat' dir='ltr'>lacte</span> <span class='ocrx_word' id='word_1_104' title='bbox 1083 1451 1137 1493; x_wconf 90' lang='lat' dir='ltr'>nec</span> <span class='ocrx_word' id='word_1_105' title='bbox 1165 1430 1339 1515; x_wconf 78' lang='lat' dir='ltr'>pegudibus‚</span> <span class='ocrx_word' id='word_1_106' title='bbox 1362 1433 1435 1494; x_wconf 86' lang='lat' dir='ltr'>idest</span> <span class='ocrx_word' id='word_1_107' title='bbox 1463 1451 1516 1494; x_wconf 88' lang='lat' dir='ltr'>nec</span> <span class='ocrx_word' id='word_1_108' title='bbox 1543 1432 1676 1514; x_wconf 84' lang='lat' dir='ltr'>pecunia,</span> 
     </span>
     <span class='ocr_line' id='line_1_11' title="bbox 390 1530 1676 1620; baseline -0.005 -22"><span class='ocrx_word' id='word_1_109' title='bbox 390 1555 488 1620; x_wconf 87' lang='lat' dir='ltr'>neque</span> <span class='ocrx_word' id='word_1_110' title='bbox 508 1533 649 1596; x_wconf 82' lang='lat' dir='ltr'>vestibus.</span> <span class='ocrx_word' id='word_1_111' title='bbox 672 1548 701 1595; x_wconf 91' lang='lat' dir='ltr'>et</span> <span class='ocrx_word' id='word_1_112' title='bbox 722 1533 802 1595; x_wconf 73' lang='lat' dir='ltr'>dicis</span> <span class='ocrx_word' id='word_1_113' title='bbox 824 1531 932 1594; x_wconf 78' lang='lat' dir='ltr'>invidia</span> <span class='ocrx_word' id='word_1_114' title='bbox 953 1551 1018 1593; x_wconf 89' lang='lat' dir='ltr'>sum</span> <span class='ocrx_word' id='word_1_115' title='bbox 1034 1531 1150 1606; x_wconf 86' lang='lat' dir='ltr'>dictior,</span> <span class='ocrx_word' id='word_1_116' title='bbox 1166 1534 1234 1614; x_wconf 90' lang='lat' dir='ltr'>quia</span> <span class='ocrx_word' id='word_1_117' title='bbox 1249 1530 1345 1594; x_wconf 87' lang='lat' dir='ltr'>habeo</span> <span class='ocrx_word' id='word_1_118' title='bbox 1360 1531 1424 1614; x_wconf 91' lang='lat' dir='ltr'>plus</span> <span class='ocrx_word' id='word_1_119' title='bbox 1439 1532 1547 1594; x_wconf 77' lang='lat' dir='ltr'>invidie</span> <span class='ocrx_word' id='word_1_120' title='bbox 1561 1546 1591 1593; x_wconf 91' lang='lat' dir='ltr'>et</span> <span class='ocrx_word' id='word_1_121' title='bbox 1612 1530 1676 1613; x_wconf 89' lang='lat' dir='ltr'>plus</span> 
     </span>
     <span class='ocr_line' id='line_1_12' title="bbox 390 1629 1725 1716; baseline -0.004 -18"><span class='ocrx_word' id='word_1_122' title='bbox 390 1635 495 1712; x_wconf 81' lang='lat' dir='ltr'>annis3</span> <span class='ocrx_word' id='word_1_123' title='bbox 517 1634 569 1697; x_wconf 90' lang='lat' dir='ltr'>sed</span> <span class='ocrx_word' id='word_1_124' title='bbox 590 1634 779 1695; x_wconf 76' lang='lat' dir='ltr'>dimittamus</span> <span class='ocrx_word' id='word_1_125' title='bbox 800 1632 926 1716; x_wconf 91' lang='lat' dir='ltr'>istaque</span> <span class='ocrx_word' id='word_1_126' title='bbox 947 1631 1025 1692; x_wconf 87' lang='lat' dir='ltr'>dicta</span> <span class='ocrx_word' id='word_1_127' title='bbox 1047 1645 1136 1707; x_wconf 83' lang='lat' dir='ltr'>sunt3</span> <span class='ocrx_word' id='word_1_128' title='bbox 1158 1632 1220 1711; x_wconf 81' lang='lat' dir='ltr'>into</span> <span class='ocrx_word' id='word_1_129' title='bbox 1234 1629 1315 1693; x_wconf 84' lang='lat' dir='ltr'>addit</span> <span class='ocrx_word' id='word_1_130' title='bbox 1337 1633 1511 1714; x_wconf 75' lang='lat' dir='ltr'>gravitatem</span> <span class='ocrx_word' id='word_1_131' title='bbox 1532 1630 1677 1712; x_wconf 83' lang='lat' dir='ltr'>superbie,</span> <span class='ocrx_word' id='word_1_132' title='bbox 1722 1636 1725 1642; x_wconf 89' lang='lat'>&#39;</span> 
     </span>
     <span class='ocr_line' id='line_1_13' title="bbox 390 1729 1678 1821; baseline -0.006 -23"><span class='ocrx_word' id='word_1_133' title='bbox 390 1736 460 1821; x_wconf 88' lang='lat' dir='ltr'>quia</span> <span class='ocrx_word' id='word_1_134' title='bbox 482 1753 542 1797; x_wconf 91' lang='lat' dir='ltr'>non</span> <span class='ocrx_word' id='word_1_135' title='bbox 564 1753 685 1816; x_wconf 87' lang='lat' dir='ltr'>possum</span> <span class='ocrx_word' id='word_1_136' title='bbox 707 1733 767 1815; x_wconf 91' lang='lat' dir='ltr'>pati</span> <span class='ocrx_word' id='word_1_137' title='bbox 788 1729 954 1813; x_wconf 91' lang='lat' dir='ltr'>superbiam</span> <span class='ocrx_word' id='word_1_138' title='bbox 977 1744 1106 1792; x_wconf 83' lang='lat' dir='ltr'>vestrum</span> <span class='ocrx_word' id='word_1_139' title='bbox 1128 1729 1208 1814; x_wconf 91' lang='lat' dir='ltr'>quod</span> <span class='ocrx_word' id='word_1_140' title='bbox 1235 1730 1350 1814; x_wconf 91' lang='lat' dir='ltr'>pondus</span> <span class='ocrx_word' id='word_1_141' title='bbox 1372 1751 1430 1792; x_wconf 91' lang='lat' dir='ltr'>non</span> <span class='ocrx_word' id='word_1_142' title='bbox 1452 1730 1581 1792; x_wconf 89' lang='lat' dir='ltr'>assolent</span> <span class='ocrx_word' id='word_1_143' title='bbox 1600 1730 1678 1812; x_wconf 82' lang='lat' dir='ltr'>iugis</span> 
     </span>
     <span class='ocr_line' id='line_1_14' title="bbox 390 1826 1597 1913; baseline -0.006 -16"><span class='ocrx_word' id='word_1_144' title='bbox 390 1834 512 1898; x_wconf 85' lang='lat' dir='ltr'>ethne...</span> <span class='ocrx_word' id='word_1_145' title='bbox 533 1852 594 1894; x_wconf 91' lang='lat' dir='ltr'>non</span> <span class='ocrx_word' id='word_1_146' title='bbox 614 1852 681 1894; x_wconf 89' lang='lat' dir='ltr'>ossa</span> <span class='ocrx_word' id='word_1_147' title='bbox 703 1831 810 1913; x_wconf 82' lang='lat' dir='ltr'>rigens,</span> <span class='ocrx_word' id='word_1_148' title='bbox 832 1830 906 1892; x_wconf 91' lang='lat' dir='ltr'>idest</span> <span class='ocrx_word' id='word_1_149' title='bbox 926 1826 977 1891; x_wconf 89' lang='lat' dir='ltr'>illc</span> <span class='ocrx_word' id='word_1_150' title='bbox 997 1849 1085 1891; x_wconf 90' lang='lat' dir='ltr'>mons</span> <span class='ocrx_word' id='word_1_151' title='bbox 1106 1828 1260 1892; x_wconf 86' lang='lat' dir='ltr'>thesalie...</span> <span class='ocrx_word' id='word_1_152' title='bbox 1282 1849 1342 1891; x_wconf 90' lang='lat' dir='ltr'>non</span> <span class='ocrx_word' id='word_1_153' title='bbox 1362 1829 1439 1892; x_wconf 93' lang='lat' dir='ltr'>altus</span> <span class='ocrx_word' id='word_1_154' title='bbox 1459 1827 1597 1910; x_wconf 88' lang='lat' dir='ltr'>olimpus.</span> 
     </span>
    </p>

    <p class='ocr_par' dir='ltr' id='par_1_3' title="bbox 391 1926 1682 2608">
     <span class='ocr_line' id='line_1_15' title="bbox 475 1926 1678 2013; baseline -0.003 -19"><span class='ocrx_word' id='word_1_155' title='bbox 475 1933 520 1994; x_wconf 81' lang='lat' dir='ltr'>En</span> <span class='ocrx_word' id='word_1_156' title='bbox 541 1931 655 1992; x_wconf 70' lang='lat' dir='ltr'>antimi:</span> <span class='ocrx_word' id='word_1_157' title='bbox 676 1928 843 2013; x_wconf 70' lang='lat' dir='ltr'>Respondet</span> <span class='ocrx_word' id='word_1_158' title='bbox 864 1926 1044 1991; x_wconf 88' lang='lat' dir='ltr'>Ganlmedes</span> <span class='ocrx_word' id='word_1_159' title='bbox 1066 1944 1096 1990; x_wconf 88' lang='lat' dir='ltr'>et</span> <span class='ocrx_word' id='word_1_160' title='bbox 1116 1928 1188 1990; x_wconf 91' lang='lat' dir='ltr'>dicit</span> <span class='ocrx_word' id='word_1_161' title='bbox 1208 1929 1349 2013; x_wconf 89' lang='lat' dir='ltr'>yronice:</span> <span class='ocrx_word' id='word_1_162' title='bbox 1378 1948 1447 1991; x_wconf 87' lang='lat' dir='ltr'>ecce</span> <span class='ocrx_word' id='word_1_163' title='bbox 1466 1948 1569 1990; x_wconf 77' lang='lat' dir='ltr'>sert-us</span> <span class='ocrx_word' id='word_1_164' title='bbox 1588 1929 1678 2012; x_wconf 74' lang='lat' dir='ltr'>animi</span> 
     </span>
     <span class='ocr_line' id='line_1_16' title="bbox 392 2025 1680 2111; baseline -0.004 -16"><span class='ocrx_word' id='word_1_165' title='bbox 392 2031 559 2095; x_wconf 84' lang='lat' dir='ltr'>nemorosi!</span> <span class='ocrx_word' id='word_1_166' title='bbox 575 2064 586 2077; x_wconf 94' lang='lat'><strong>·</strong></span> <span class='ocrx_word' id='word_1_167' title='bbox 602 2026 711 2091; x_wconf 81' lang='lat' dir='ltr'>Verba:</span> <span class='ocrx_word' id='word_1_168' title='bbox 727 2028 894 2111; x_wconf 71' lang='lat' dir='ltr'>Respondet</span> <span class='ocrx_word' id='word_1_169' title='bbox 908 2026 1041 2090; x_wconf 79' lang='lat' dir='ltr'>Antichs</span> <span class='ocrx_word' id='word_1_170' title='bbox 1056 2043 1085 2090; x_wconf 91' lang='lat' dir='ltr'>et</span> <span class='ocrx_word' id='word_1_171' title='bbox 1106 2025 1196 2090; x_wconf 86' lang='lat' dir='ltr'>dicit:</span> <span class='ocrx_word' id='word_1_172' title='bbox 1211 2025 1308 2090; x_wconf 89' lang='lat' dir='ltr'>solent</span> <span class='ocrx_word' id='word_1_173' title='bbox 1321 2027 1382 2090; x_wconf 89' lang='lat' dir='ltr'>dari</span> <span class='ocrx_word' id='word_1_174' title='bbox 1398 2028 1485 2090; x_wconf 82' lang='lat' dir='ltr'>verba</span> <span class='ocrx_word' id='word_1_175' title='bbox 1500 2047 1553 2110; x_wconf 93' lang='lat' dir='ltr'>pro</span> <span class='ocrx_word' id='word_1_176' title='bbox 1573 2028 1680 2104; x_wconf 76' lang='lat' dir='ltr'>verbis,</span> 
     </span>
     <span class='ocr_line' id='line_1_17' title="bbox 392 2125 1681 2214; baseline -0.004 -20"><span class='ocrx_word' id='word_1_177' title='bbox 392 2145 424 2194; x_wconf 87' lang='lat' dir='ltr'>et</span> <span class='ocrx_word' id='word_1_178' title='bbox 444 2129 543 2192; x_wconf 81' lang='lat' dir='ltr'>dixisti</span> <span class='ocrx_word' id='word_1_179' title='bbox 564 2127 644 2214; x_wconf 90' lang='lat' dir='ltr'>quod</span> <span class='ocrx_word' id='word_1_180' title='bbox 666 2146 783 2209; x_wconf 82' lang='lat' dir='ltr'>semper</span> <span class='ocrx_word' id='word_1_181' title='bbox 802 2125 929 2188; x_wconf 86' lang='lat' dir='ltr'>dilexisti</span> <span class='ocrx_word' id='word_1_182' title='bbox 951 2147 999 2188; x_wconf 93' lang='lat' dir='ltr'>me</span> <span class='ocrx_word' id='word_1_183' title='bbox 1024 2141 1054 2188; x_wconf 89' lang='lat' dir='ltr'>et</span> <span class='ocrx_word' id='word_1_184' title='bbox 1076 2145 1133 2210; x_wconf 84' lang='lat' dir='ltr'>ego</span> <span class='ocrx_word' id='word_1_185' title='bbox 1154 2147 1271 2209; x_wconf 88' lang='lat' dir='ltr'>semper</span> <span class='ocrx_word' id='word_1_186' title='bbox 1290 2125 1378 2188; x_wconf 82' lang='lat' dir='ltr'>dilexi</span> <span class='ocrx_word' id='word_1_187' title='bbox 1400 2141 1439 2188; x_wconf 69' lang='lat' dir='ltr'>te·</span> <span class='ocrx_word' id='word_1_188' title='bbox 1467 2161 1488 2174; x_wconf 91' lang='lat'><em>-</em></span> <span class='ocrx_word' id='word_1_189' title='bbox 1515 2128 1579 2203; x_wconf 84' lang='lat' dir='ltr'>Quo</span> <span class='ocrx_word' id='word_1_190' title='bbox 1605 2135 1681 2210; x_wconf 84' lang='lat' dir='ltr'>pro-</span> 
     </span>
     <span class='ocr_line' id='line_1_18' title="bbox 391 2224 1681 2315; baseline -0.004 -23"><span class='ocrx_word' id='word_1_191' title='bbox 391 2239 478 2315; x_wconf 80' lang='lat' dir='ltr'>peras</span> <span class='ocrx_word' id='word_1_192' title='bbox 488 2230 503 2290; x_wconf 70' lang='grc' dir='ltr'><em>Ρ</em></span> <span class='ocrx_word' id='word_1_193' title='bbox 515 2263 526 2276; x_wconf 89' lang='grc'>-</span> <span class='ocrx_word' id='word_1_194' title='bbox 540 2226 711 2310; x_wconf 84' lang='lat' dir='ltr'>Respondet</span> <span class='ocrx_word' id='word_1_195' title='bbox 732 2224 929 2289; x_wconf 87' lang='lat' dir='ltr'>Ganimedes:</span> <span class='ocrx_word' id='word_1_196' title='bbox 944 2244 1005 2309; x_wconf 87' lang='lat' dir='ltr'>quo</span> <span class='ocrx_word' id='word_1_197' title='bbox 1020 2241 1213 2309; x_wconf 88' lang='lat' dir='ltr'>properanter</span> <span class='ocrx_word' id='word_1_198' title='bbox 1233 2226 1338 2288; x_wconf 78' lang='lat' dir='ltr'>vadis?</span> <span class='ocrx_word' id='word_1_199' title='bbox 1354 2246 1412 2310; x_wconf 91' lang='lat' dir='ltr'>que</span> <span class='ocrx_word' id='word_1_200' title='bbox 1432 2241 1565 2289; x_wconf 82' lang='lat' dir='ltr'>contrata</span> <span class='ocrx_word' id='word_1_201' title='bbox 1586 2228 1681 2309; x_wconf 85' lang='lat' dir='ltr'>magis</span> 
     </span>
     <span class='ocr_line' id='line_1_19' title="bbox 393 2323 1682 2409; baseline -0.003 -19"><span class='ocrx_word' id='word_1_202' title='bbox 393 2326 486 2390; x_wconf 82' lang='lat' dir='ltr'>allicit</span> <span class='ocrx_word' id='word_1_203' title='bbox 512 2327 565 2387; x_wconf 82' lang='lat' dir='ltr'>te?</span> <span class='ocrx_word' id='word_1_204' title='bbox 586 2344 644 2409; x_wconf 90' lang='lat' dir='ltr'>que</span> <span class='ocrx_word' id='word_1_205' title='bbox 665 2345 753 2387; x_wconf 88' lang='lat' dir='ltr'>causa</span> <span class='ocrx_word' id='word_1_206' title='bbox 774 2323 908 2386; x_wconf 78' lang='lat' dir='ltr'>disentiat</span> <span class='ocrx_word' id='word_1_207' title='bbox 928 2325 1041 2387; x_wconf 88' lang='lat' dir='ltr'>amicos</span> <span class='ocrx_word' id='word_1_208' title='bbox 1063 2325 1228 2401; x_wconf 87' lang='lat' dir='ltr'>unanimes,</span> <span class='ocrx_word' id='word_1_209' title='bbox 1243 2324 1318 2387; x_wconf 88' lang='lat' dir='ltr'>idest</span> <span class='ocrx_word' id='word_1_210' title='bbox 1338 2326 1424 2387; x_wconf 90' lang='lat' dir='ltr'>unius</span> <span class='ocrx_word' id='word_1_211' title='bbox 1445 2326 1546 2401; x_wconf 89' lang='lat' dir='ltr'>animi,</span> <span class='ocrx_word' id='word_1_212' title='bbox 1560 2345 1611 2388; x_wconf 92' lang='lat' dir='ltr'>seu</span> <span class='ocrx_word' id='word_1_213' title='bbox 1633 2345 1682 2387; x_wconf 93' lang='lat' dir='ltr'>me</span> 
     </span>
     <span class='ocr_line' id='line_1_20' title="bbox 394 2422 1682 2507; baseline -0.001 -18"><span class='ocrx_word' id='word_1_214' title='bbox 394 2442 425 2489; x_wconf 91' lang='lat' dir='ltr'>et</span> <span class='ocrx_word' id='word_1_215' title='bbox 446 2427 551 2488; x_wconf 76' lang='lat' dir='ltr'>tedet</span> <span class='ocrx_word' id='word_1_216' title='bbox 573 2423 645 2486; x_wconf 89' lang='lat' dir='ltr'>dicit</span> <span class='ocrx_word' id='word_1_217' title='bbox 666 2425 740 2486; x_wconf 87' lang='lat' dir='ltr'>iste:</span> <span class='ocrx_word' id='word_1_218' title='bbox 762 2422 830 2485; x_wconf 90' lang='lat' dir='ltr'>licet</span> <span class='ocrx_word' id='word_1_219' title='bbox 852 2443 909 2507; x_wconf 88' lang='lat' dir='ltr'>ego</span> <span class='ocrx_word' id='word_1_220' title='bbox 930 2425 1100 2486; x_wconf 77' lang='lat' dir='ltr'>vocaverim</span> <span class='ocrx_word' id='word_1_221' title='bbox 1122 2439 1151 2487; x_wconf 87' lang='lat' dir='ltr'>te</span> <span class='ocrx_word' id='word_1_222' title='bbox 1178 2445 1308 2501; x_wconf 80' lang='lat' dir='ltr'>servum,</span> <span class='ocrx_word' id='word_1_223' title='bbox 1333 2439 1432 2487; x_wconf 88' lang='lat' dir='ltr'>tamen</span> <span class='ocrx_word' id='word_1_224' title='bbox 1459 2424 1556 2488; x_wconf 89' lang='lat' dir='ltr'>nullus</span> <span class='ocrx_word' id='word_1_225' title='bbox 1582 2427 1682 2488; x_wconf 84' lang='lat' dir='ltr'>virtu-</span> 
     </span>
     <span class='ocr_line' id='line_1_21' title="bbox 393 2520 1205 2608; baseline -0.002 -21"><span class='ocrx_word' id='word_1_226' title='bbox 393 2524 496 2588; x_wconf 88' lang='lat' dir='ltr'>dinsus</span> <span class='ocrx_word' id='word_1_227' title='bbox 516 2520 633 2608; x_wconf 88' lang='lat' dir='ltr'>[debet]</span> <span class='ocrx_word' id='word_1_228' title='bbox 648 2523 753 2584; x_wconf 89' lang='lat' dir='ltr'>mereri</span> <span class='ocrx_word' id='word_1_229' title='bbox 776 2543 884 2584; x_wconf 88' lang='lat' dir='ltr'>nomen</span> <span class='ocrx_word' id='word_1_230' title='bbox 905 2523 992 2599; x_wconf 79' lang='lat' dir='ltr'>serti,</span> <span class='ocrx_word' id='word_1_231' title='bbox 1013 2524 1090 2586; x_wconf 88' lang='lat' dir='ltr'>sicut</span> <span class='ocrx_word' id='word_1_232' title='bbox 1111 2539 1142 2585; x_wconf 96' lang='lat' dir='ltr'>tu</span> <span class='ocrx_word' id='word_1_233' title='bbox 1166 2544 1205 2586; x_wconf 90' lang='lat' dir='ltr'>es.</span> 
     </span>
    </p>

    <p class='ocr_par' dir='ltr' id='par_1_4' title="bbox 328 2620 1687 4477">
     <span class='ocr_line' id='line_1_22' title="bbox 477 2620 1682 2708; baseline 0.002 -22"><span class='ocrx_word' id='word_1_234' title='bbox 477 2623 600 2708; x_wconf 84' lang='lat' dir='ltr'>Aspice:</span> <span class='ocrx_word' id='word_1_235' title='bbox 620 2621 759 2684; x_wconf 82' lang='lat' dir='ltr'>describit</span> <span class='ocrx_word' id='word_1_236' title='bbox 789 2620 886 2704; x_wconf 89' lang='lat' dir='ltr'>alpem</span> <span class='ocrx_word' id='word_1_237' title='bbox 913 2643 971 2706; x_wconf 90' lang='lat' dir='ltr'>quc</span> <span class='ocrx_word' id='word_1_238' title='bbox 998 2623 1102 2685; x_wconf 79' lang='lat' dir='ltr'>dividit</span> <span class='ocrx_word' id='word_1_239' title='bbox 1124 2622 1244 2708; x_wconf 74' lang='lat' dir='ltr'>galliam</span> <span class='ocrx_word' id='word_1_240' title='bbox 1265 2624 1302 2686; x_wconf 95' lang='lat' dir='ltr'>ab</span> <span class='ocrx_word' id='word_1_241' title='bbox 1329 2624 1435 2708; x_wconf 80' lang='lat' dir='ltr'>ytalia3</span> <span class='ocrx_word' id='word_1_242' title='bbox 1457 2641 1487 2688; x_wconf 85' lang='lat' dir='ltr'>et</span> <span class='ocrx_word' id='word_1_243' title='bbox 1507 2625 1646 2690; x_wconf 86' lang='lat' dir='ltr'>describit</span> <span class='ocrx_word' id='word_1_244' title='bbox 1665 2648 1682 2688; x_wconf 92' lang='lat' dir='ltr'>a</span> 
     </span>
     <span class='ocr_line' id='line_1_23' title="bbox 394 2719 1683 2809; baseline 0.002 -24"><span class='ocrx_word' id='word_1_245' title='bbox 394 2722 526 2807; x_wconf 88' lang='lat' dir='ltr'>quodam</span> <span class='ocrx_word' id='word_1_246' title='bbox 546 2737 615 2784; x_wconf 88' lang='lat' dir='ltr'>actu</span> <span class='ocrx_word' id='word_1_247' title='bbox 644 2719 840 2797; x_wconf 89' lang='lat' dir='ltr'>memorabili,</span> <span class='ocrx_word' id='word_1_248' title='bbox 861 2741 913 2783; x_wconf 86' lang='lat' dir='ltr'>seu</span> <span class='ocrx_word' id='word_1_249' title='bbox 942 2721 1022 2806; x_wconf 91' lang='lat' dir='ltr'>quod</span> <span class='ocrx_word' id='word_1_250' title='bbox 1050 2722 1121 2783; x_wconf 90' lang='lat' dir='ltr'>dum</span> <span class='ocrx_word' id='word_1_251' title='bbox 1142 2720 1241 2784; x_wconf 89' lang='lat' dir='ltr'>anibal</span> <span class='ocrx_word' id='word_1_252' title='bbox 1270 2724 1383 2785; x_wconf 79' lang='lat' dir='ltr'>veniret</span> <span class='ocrx_word' id='word_1_253' title='bbox 1403 2726 1433 2786; x_wconf 94' lang='lat' dir='ltr'>in</span> <span class='ocrx_word' id='word_1_254' title='bbox 1460 2725 1593 2809; x_wconf 80' lang='lat' dir='ltr'>ytaliam,</span> <span class='ocrx_word' id='word_1_255' title='bbox 1621 2727 1683 2808; x_wconf 79' lang='lat' dir='ltr'>ipse</span> 
     </span>
     <span class='ocr_line' id='line_1_24' title="bbox 395 2810 1684 2907; baseline 0.002 -23"><span class='ocrx_word' id='word_1_256' title='bbox 395 2823 507 2905; x_wconf 88' lang='lat' dir='ltr'>recepit</span> <span class='ocrx_word' id='word_1_257' title='bbox 528 2841 672 2905; x_wconf 82' lang='lat' dir='ltr'>magnum</span> <span class='ocrx_word' id='word_1_258' title='bbox 694 2820 878 2897; x_wconf 87' lang='lat' dir='ltr'>conflictum,</span> <span class='ocrx_word' id='word_1_259' title='bbox 898 2822 938 2883; x_wconf 90' lang='lat' dir='ltr'>ita</span> <span class='ocrx_word' id='word_1_260' title='bbox 960 2822 1040 2905; x_wconf 92' lang='lat' dir='ltr'>quod</span> <span class='ocrx_word' id='word_1_261' title='bbox 1061 2824 1142 2884; x_wconf 89' lang='lat' dir='ltr'>stetit</span> <span class='ocrx_word' id='word_1_262' title='bbox 1163 2843 1215 2904; x_wconf 93' lang='lat' dir='ltr'>per</span> <span class='ocrx_word' id='word_1_263' title='bbox 1226 2810 1293 2885; x_wconf 82' lang='lat' dir='ltr'>&#39;XV</span> <span class='ocrx_word' id='word_1_264' title='bbox 1308 2821 1370 2885; x_wconf 89' lang='lat' dir='ltr'>dies</span> <span class='ocrx_word' id='word_1_265' title='bbox 1390 2837 1459 2886; x_wconf 84' lang='lat' dir='ltr'>ante</span> <span class='ocrx_word' id='word_1_266' title='bbox 1473 2844 1563 2907; x_wconf 90' lang='lat' dir='ltr'>quam</span> <span class='ocrx_word' id='word_1_267' title='bbox 1585 2839 1684 2907; x_wconf 85' lang='lat' dir='ltr'>posset</span> 
     </span>
     <span class='ocr_line' id='line_1_25' title="bbox 396 2919 1684 3005; baseline 0.001 -21"><span class='ocrx_word' id='word_1_268' title='bbox 396 2922 521 2985; x_wconf 90' lang='lat' dir='ltr'>transire</span> <span class='ocrx_word' id='word_1_269' title='bbox 542 2936 572 2983; x_wconf 88' lang='lat' dir='ltr'>et</span> <span class='ocrx_word' id='word_1_270' title='bbox 594 2941 653 2981; x_wconf 92' lang='lat' dir='ltr'>non</span> <span class='ocrx_word' id='word_1_271' title='bbox 668 2935 805 3003; x_wconf 87' lang='lat' dir='ltr'>poterant</span> <span class='ocrx_word' id='word_1_272' title='bbox 820 2920 929 2983; x_wconf 81' lang='lat' dir='ltr'>tenire.</span> <span class='ocrx_word' id='word_1_273' title='bbox 946 2922 1033 2985; x_wconf 90' lang='lat' dir='ltr'>Unde</span> <span class='ocrx_word' id='word_1_274' title='bbox 1053 2919 1159 2984; x_wconf 81' lang='lat' dir='ltr'>hnibal</span> <span class='ocrx_word' id='word_1_275' title='bbox 1176 2923 1356 3005; x_wconf 75' lang='lat' dir='ltr'>excogitavit</span> <span class='ocrx_word' id='word_1_276' title='bbox 1377 2938 1406 2984; x_wconf 91' lang='lat' dir='ltr'>et</span> <span class='ocrx_word' id='word_1_277' title='bbox 1421 2924 1570 2985; x_wconf 85' lang='lat' dir='ltr'>mandavit</span> <span class='ocrx_word' id='word_1_278' title='bbox 1590 2924 1684 2985; x_wconf 89' lang='lat' dir='ltr'>omni·</span> 
     </span>
     <span class='ocr_line' id='line_1_26' title="bbox 396 3019 1686 3105; baseline 0.002 -22"><span class='ocrx_word' id='word_1_279' title='bbox 396 3019 451 3083; x_wconf 92' lang='lat' dir='ltr'>bus</span> <span class='ocrx_word' id='word_1_280' title='bbox 472 3022 532 3083; x_wconf 89' lang='lat' dir='ltr'>suis</span> <span class='ocrx_word' id='word_1_281' title='bbox 553 3020 634 3105; x_wconf 92' lang='lat' dir='ltr'>quod</span> <span class='ocrx_word' id='word_1_282' title='bbox 655 3020 819 3082; x_wconf 91' lang='lat' dir='ltr'>inciderent</span> <span class='ocrx_word' id='word_1_283' title='bbox 840 3023 940 3082; x_wconf 90' lang='lat' dir='ltr'>omnia</span> <span class='ocrx_word' id='word_1_284' title='bbox 962 3020 1041 3104; x_wconf 85' lang='lat' dir='ltr'>ligna</span> <span class='ocrx_word' id='word_1_285' title='bbox 1064 3036 1093 3083; x_wconf 91' lang='lat' dir='ltr'>et</span> <span class='ocrx_word' id='word_1_286' title='bbox 1114 3020 1223 3083; x_wconf 88' lang='lat' dir='ltr'>ferrent</span> <span class='ocrx_word' id='word_1_287' title='bbox 1242 3021 1280 3083; x_wconf 92' lang='lat' dir='ltr'>ad</span> <span class='ocrx_word' id='word_1_288' title='bbox 1300 3043 1405 3083; x_wconf 86' lang='lat' dir='ltr'>saxum</span> <span class='ocrx_word' id='word_1_289' title='bbox 1425 3021 1513 3084; x_wconf 91' lang='lat' dir='ltr'>istud.</span> <span class='ocrx_word' id='word_1_290' title='bbox 1536 3038 1565 3085; x_wconf 87' lang='lat' dir='ltr'>et</span> <span class='ocrx_word' id='word_1_291' title='bbox 1585 3024 1626 3086; x_wconf 87' lang='lat' dir='ltr'>ita</span> <span class='ocrx_word' id='word_1_292' title='bbox 1645 3022 1686 3086; x_wconf 59' lang='lat' dir='ltr'>la?</span> 
     </span>
     <span class='ocr_line' id='line_1_27' title="bbox 396 3119 1684 3205; baseline 0.001 -21"><span class='ocrx_word' id='word_1_293' title='bbox 396 3136 479 3184; x_wconf 88' lang='lat' dir='ltr'>ctum</span> <span class='ocrx_word' id='word_1_294' title='bbox 501 3119 565 3182; x_wconf 88' lang='lat' dir='ltr'>luit.</span> <span class='ocrx_word' id='word_1_295' title='bbox 586 3120 654 3182; x_wconf 89' lang='lat' dir='ltr'>dein</span> <span class='ocrx_word' id='word_1_296' title='bbox 682 3121 767 3183; x_wconf 90' lang='lat' dir='ltr'>iussit</span> <span class='ocrx_word' id='word_1_297' title='bbox 797 3119 877 3204; x_wconf 88' lang='lat' dir='ltr'>ligna</span> <span class='ocrx_word' id='word_1_298' title='bbox 905 3120 1021 3183; x_wconf 89' lang='lat' dir='ltr'>incendi</span> <span class='ocrx_word' id='word_1_299' title='bbox 1054 3123 1142 3204; x_wconf 91' lang='lat' dir='ltr'>sup&#39;er</span> <span class='ocrx_word' id='word_1_300' title='bbox 1169 3119 1222 3184; x_wconf 91' lang='lat' dir='ltr'>illo</span> <span class='ocrx_word' id='word_1_301' title='bbox 1243 3142 1314 3184; x_wconf 84' lang='lat' dir='ltr'>saxo</span> <span class='ocrx_word' id='word_1_302' title='bbox 1335 3137 1374 3198; x_wconf 86' lang='lat' dir='ltr'>et,</span> <span class='ocrx_word' id='word_1_303' title='bbox 1396 3122 1483 3205; x_wconf 86' lang='lat' dir='ltr'>lignis</span> <span class='ocrx_word' id='word_1_304' title='bbox 1513 3121 1684 3199; x_wconf 83' lang='lat' dir='ltr'>combustis,</span> 
     </span>
     <span class='ocr_line' id='line_1_28' title="bbox 396 3219 1685 3305; baseline 0.002 -23"><span class='ocrx_word' id='word_1_305' title='bbox 396 3240 502 3282; x_wconf 82' lang='lat' dir='ltr'>saxum</span> <span class='ocrx_word' id='word_1_306' title='bbox 524 3234 621 3283; x_wconf 90' lang='lat' dir='ltr'>totum</span> <span class='ocrx_word' id='word_1_307' title='bbox 644 3222 728 3282; x_wconf 90' lang='lat' dir='ltr'>iussit</span> <span class='ocrx_word' id='word_1_308' title='bbox 749 3222 863 3304; x_wconf 84' lang='lat' dir='ltr'>aspergi</span> <span class='ocrx_word' id='word_1_309' title='bbox 886 3237 969 3283; x_wconf 88' lang='lat' dir='ltr'>aceto</span> <span class='ocrx_word' id='word_1_310' title='bbox 991 3237 1021 3283; x_wconf 88' lang='lat' dir='ltr'>et</span> <span class='ocrx_word' id='word_1_311' title='bbox 1043 3237 1197 3305; x_wconf 88' lang='lat' dir='ltr'>propterea</span> <span class='ocrx_word' id='word_1_312' title='bbox 1218 3219 1287 3284; x_wconf 86' lang='lat' dir='ltr'>lecit</span> <span class='ocrx_word' id='word_1_313' title='bbox 1308 3223 1404 3305; x_wconf 91' lang='lat' dir='ltr'>ipsum</span> <span class='ocrx_word' id='word_1_314' title='bbox 1426 3225 1550 3284; x_wconf 86' lang='lat' dir='ltr'>scissum</span> <span class='ocrx_word' id='word_1_315' title='bbox 1572 3224 1633 3285; x_wconf 87' lang='lat' dir='ltr'>crui</span> <span class='ocrx_word' id='word_1_316' title='bbox 1656 3239 1685 3286; x_wconf 92' lang='lat' dir='ltr'>et</span> 
     </span>
     <span class='ocr_line' id='line_1_29' title="bbox 396 3318 1685 3406; baseline 0.002 -24"><span class='ocrx_word' id='word_1_317' title='bbox 396 3319 467 3383; x_wconf 80' lang='lat' dir='ltr'>lecit</span> <span class='ocrx_word' id='word_1_318' title='bbox 488 3318 552 3382; x_wconf 92' lang='lat' dir='ltr'>fieri</span> <span class='ocrx_word' id='word_1_319' title='bbox 574 3321 653 3381; x_wconf 80' lang='lat' dir='ltr'>siam</span> <span class='ocrx_word' id='word_1_320' title='bbox 675 3335 704 3381; x_wconf 91' lang='lat' dir='ltr'>et</span> <span class='ocrx_word' id='word_1_321' title='bbox 726 3322 913 3384; x_wconf 84' lang='lat' dir='ltr'>transierunt</span> <span class='ocrx_word' id='word_1_322' title='bbox 935 3320 1002 3382; x_wconf 89' lang='lat' dir='ltr'>ideo</span> <span class='ocrx_word' id='word_1_323' title='bbox 1023 3320 1096 3384; x_wconf 91' lang='lat' dir='ltr'>dicit</span> <span class='ocrx_word' id='word_1_324' title='bbox 1122 3319 1177 3383; x_wconf 88' lang='lat' dir='ltr'>sibi</span> <span class='ocrx_word' id='word_1_325' title='bbox 1198 3319 1320 3383; x_wconf 88' lang='lat' dir='ltr'>amiclas</span> <span class='ocrx_word' id='word_1_326' title='bbox 1347 3323 1415 3406; x_wconf 90' lang='lat' dir='ltr'>quia</span> <span class='ocrx_word' id='word_1_327' title='bbox 1441 3322 1581 3384; x_wconf 92' lang='lat' dir='ltr'>dominus</span> <span class='ocrx_word' id='word_1_328' title='bbox 1601 3324 1685 3400; x_wconf 73' lang='lat' dir='ltr'>aecio</span> 
     </span>
     <span class='ocr_line' id='line_1_30' title="bbox 328 3418 1686 3505; baseline 0.003 -23"><span class='ocrx_word' id='word_1_329' title='bbox 328 3434 332 3442; x_wconf 86' lang='grc'><strong>’</strong></span> <span class='ocrx_word' id='word_1_330' title='bbox 396 3419 434 3483; x_wconf 91' lang='lat' dir='ltr'>de</span> <span class='ocrx_word' id='word_1_331' title='bbox 454 3420 570 3503; x_wconf 85' lang='lat' dir='ltr'>corigio</span> <span class='ocrx_word' id='word_1_332' title='bbox 591 3419 729 3482; x_wconf 79' lang='lat' dir='ltr'>invitarit</span> <span class='ocrx_word' id='word_1_333' title='bbox 750 3439 818 3480; x_wconf 88' lang='lat' dir='ltr'>eunt</span> <span class='ocrx_word' id='word_1_334' title='bbox 839 3418 876 3480; x_wconf 91' lang='lat' dir='ltr'>ad</span> <span class='ocrx_word' id='word_1_335' title='bbox 898 3419 1079 3482; x_wconf 88' lang='lat' dir='ltr'>veniendum</span> <span class='ocrx_word' id='word_1_336' title='bbox 1100 3419 1136 3482; x_wconf 90' lang='lat' dir='ltr'>ad</span> <span class='ocrx_word' id='word_1_337' title='bbox 1158 3433 1255 3503; x_wconf 88' lang='lat' dir='ltr'>partes</span> <span class='ocrx_word' id='word_1_338' title='bbox 1276 3420 1376 3505; x_wconf 80' lang='lat' dir='ltr'>ytalie,</span> <span class='ocrx_word' id='word_1_339' title='bbox 1398 3436 1426 3483; x_wconf 88' lang='lat' dir='ltr'>et</span> <span class='ocrx_word' id='word_1_340' title='bbox 1447 3420 1584 3485; x_wconf 89' lang='lat' dir='ltr'>similiter</span> <span class='ocrx_word' id='word_1_341' title='bbox 1603 3443 1686 3486; x_wconf 82' lang='lat' dir='ltr'>cesar</span> 
     </span>
     <span class='ocr_line' id='line_1_31' title="bbox 398 3517 1686 3605; baseline 0.003 -24"><span class='ocrx_word' id='word_1_342' title='bbox 398 3519 520 3582; x_wconf 77' lang='lat' dir='ltr'>intrarit</span> <span class='ocrx_word' id='word_1_343' title='bbox 539 3520 570 3580; x_wconf 92' lang='lat' dir='ltr'>in</span> <span class='ocrx_word' id='word_1_344' title='bbox 592 3538 684 3595; x_wconf 90' lang='lat' dir='ltr'>mare,</span> <span class='ocrx_word' id='word_1_345' title='bbox 704 3518 860 3580; x_wconf 89' lang='lat' dir='ltr'>comitanti</span> <span class='ocrx_word' id='word_1_346' title='bbox 881 3517 1045 3581; x_wconf 84' lang='lat' dir='ltr'>Amiclade.</span> <span class='ocrx_word' id='word_1_347' title='bbox 1068 3518 1104 3581; x_wconf 91' lang='lat' dir='ltr'>ed</span> <span class='ocrx_word' id='word_1_348' title='bbox 1124 3519 1214 3582; x_wconf 88' lang='lat' dir='ltr'>dicit:</span> <span class='ocrx_word' id='word_1_349' title='bbox 1236 3539 1255 3581; x_wconf 94' lang='grc' dir='ltr'>ο</span> <span class='ocrx_word' id='word_1_350' title='bbox 1277 3521 1457 3604; x_wconf 85' lang='lat' dir='ltr'>ganimedes,</span> <span class='ocrx_word' id='word_1_351' title='bbox 1477 3524 1576 3605; x_wconf 90' lang='lat' dir='ltr'>aspice</span> <span class='ocrx_word' id='word_1_352' title='bbox 1596 3524 1686 3585; x_wconf 84' lang='lat' dir='ltr'>istum</span> 
     </span>
     <span class='ocr_line' id='line_1_32' title="bbox 398 3618 1686 3706; baseline 0.003 -26"><span class='ocrx_word' id='word_1_353' title='bbox 398 3634 543 3689; x_wconf 88' lang='lat' dir='ltr'>montem,</span> <span class='ocrx_word' id='word_1_354' title='bbox 565 3637 632 3679; x_wconf 85' lang='lat' dir='ltr'>...ea</span> <span class='ocrx_word' id='word_1_355' title='bbox 652 3618 710 3679; x_wconf 86' lang='lat' dir='ltr'>isto</span> <span class='ocrx_word' id='word_1_356' title='bbox 739 3632 900 3680; x_wconf 89' lang='lat' dir='ltr'>nascuntur</span> <span class='ocrx_word' id='word_1_357' title='bbox 929 3633 1058 3703; x_wconf 89' lang='lat' dir='ltr'>quatuor</span> <span class='ocrx_word' id='word_1_358' title='bbox 1085 3618 1218 3696; x_wconf 90' lang='lat' dir='ltr'>flumina,</span> <span class='ocrx_word' id='word_1_359' title='bbox 1245 3639 1282 3682; x_wconf 86' lang='lat' dir='ltr'>ex</span> <span class='ocrx_word' id='word_1_360' title='bbox 1310 3641 1367 3681; x_wconf 90' lang='lat' dir='ltr'>una</span> <span class='ocrx_word' id='word_1_361' title='bbox 1396 3635 1488 3704; x_wconf 91' lang='lat' dir='ltr'>parte,</span> <span class='ocrx_word' id='word_1_362' title='bbox 1509 3642 1561 3684; x_wconf 89' lang='lat' dir='ltr'>seu</span> <span class='ocrx_word' id='word_1_363' title='bbox 1589 3620 1686 3706; x_wconf 86' lang='lat' dir='ltr'>gallie,</span> 
     </span>
     <span class='ocr_line' id='line_1_33' title="bbox 398 3716 1687 3805; baseline 0.004 -26"><span class='ocrx_word' id='word_1_364' title='bbox 398 3730 561 3798; x_wconf 83' lang='lat' dir='ltr'>nascuntur</span> <span class='ocrx_word' id='word_1_365' title='bbox 581 3716 652 3792; x_wconf 91' lang='lat' dir='ltr'>duo,</span> <span class='ocrx_word' id='word_1_366' title='bbox 674 3732 761 3805; x_wconf 83' lang='lat' dir='ltr'>etex</span> <span class='ocrx_word' id='word_1_367' title='bbox 782 3717 838 3779; x_wconf 88' lang='lat' dir='ltr'>alia</span> <span class='ocrx_word' id='word_1_368' title='bbox 859 3734 952 3802; x_wconf 91' lang='lat' dir='ltr'>parte,</span> <span class='ocrx_word' id='word_1_369' title='bbox 973 3739 1025 3780; x_wconf 88' lang='lat' dir='ltr'>seu</span> <span class='ocrx_word' id='word_1_370' title='bbox 1047 3717 1137 3802; x_wconf 82' lang='lat' dir='ltr'>ytalje</span> <span class='ocrx_word' id='word_1_371' title='bbox 1158 3735 1319 3781; x_wconf 90' lang='lat' dir='ltr'>nascuntur</span> <span class='ocrx_word' id='word_1_372' title='bbox 1346 3719 1406 3782; x_wconf 93' lang='lat' dir='ltr'>duo</span> <span class='ocrx_word' id='word_1_373' title='bbox 1426 3720 1523 3783; x_wconf 83' lang='lat' dir='ltr'>alia...</span> <span class='ocrx_word' id='word_1_374' title='bbox 1545 3719 1595 3784; x_wconf 90' lang='lat' dir='ltr'>ille</span> <span class='ocrx_word' id='word_1_375' title='bbox 1614 3741 1687 3784; x_wconf 91' lang='lat' dir='ltr'>sco-</span> 
     </span>
     <span class='ocr_line' id='line_1_34' title="bbox 397 3815 1686 3905; baseline 0.005 -26"><span class='ocrx_word' id='word_1_376' title='bbox 397 3816 486 3900; x_wconf 92' lang='lat' dir='ltr'>pulus</span> <span class='ocrx_word' id='word_1_377' title='bbox 506 3815 716 3879; x_wconf 88' lang='lat' dir='ltr'>inaccessibilis</span> <span class='ocrx_word' id='word_1_378' title='bbox 737 3815 793 3879; x_wconf 82' lang='lat' dir='ltr'>luit</span> <span class='ocrx_word' id='word_1_379' title='bbox 813 3816 907 3881; x_wconf 88' lang='lat' dir='ltr'>donec</span> <span class='ocrx_word' id='word_1_380' title='bbox 929 3817 1026 3901; x_wconf 79' lang='lat' dir='ltr'>anibal</span> <span class='ocrx_word' id='word_1_381' title='bbox 1048 3818 1205 3881; x_wconf 82' lang='lat' dir='ltr'>affricanus</span> <span class='ocrx_word' id='word_1_382' title='bbox 1228 3818 1296 3883; x_wconf 89' lang='lat' dir='ltr'>lecit</span> <span class='ocrx_word' id='word_1_383' title='bbox 1316 3819 1370 3882; x_wconf 90' lang='lat' dir='ltr'>sibi</span> <span class='ocrx_word' id='word_1_384' title='bbox 1392 3821 1471 3883; x_wconf 83' lang='lat' dir='ltr'>viam</span> <span class='ocrx_word' id='word_1_385' title='bbox 1485 3822 1635 3905; x_wconf 83' lang='lat' dir='ltr'>cumigne</span> <span class='ocrx_word' id='word_1_386' title='bbox 1656 3838 1686 3886; x_wconf 93' lang='lat' dir='ltr'>et</span> 
     </span>
     <span class='ocr_line' id='line_1_35' title="bbox 398 3914 1686 4006; baseline 0.005 -28"><span class='ocrx_word' id='word_1_387' title='bbox 398 3935 468 3979; x_wconf 91' lang='lat' dir='ltr'>cum</span> <span class='ocrx_word' id='word_1_388' title='bbox 489 3930 594 3993; x_wconf 79' lang='lat' dir='ltr'>acet03</span> <span class='ocrx_word' id='word_1_389' title='bbox 617 3914 666 3979; x_wconf 92' lang='lat' dir='ltr'>ille</span> <span class='ocrx_word' id='word_1_390' title='bbox 693 3932 794 3999; x_wconf 86' lang='lat' dir='ltr'>pastor</span> <span class='ocrx_word' id='word_1_391' title='bbox 824 3937 961 4001; x_wconf 86' lang='lat' dir='ltr'>magnus,</span> <span class='ocrx_word' id='word_1_392' title='bbox 981 3933 1102 4001; x_wconf 88' lang='lat' dir='ltr'>portans</span> <span class='ocrx_word' id='word_1_393' title='bbox 1130 3939 1270 4003; x_wconf 84' lang='lat' dir='ltr'>magnam</span> <span class='ocrx_word' id='word_1_394' title='bbox 1298 3935 1427 4004; x_wconf 85' lang='lat' dir='ltr'>stragem</span> <span class='ocrx_word' id='word_1_395' title='bbox 1455 3920 1570 3985; x_wconf 85' lang='lat' dir='ltr'>italicis.</span> <span class='ocrx_word' id='word_1_396' title='bbox 1592 3943 1648 4006; x_wconf 85' lang='lat' dir='ltr'>ego</span> <span class='ocrx_word' id='word_1_397' title='bbox 1668 3943 1686 3984; x_wconf 87' lang='lat' dir='ltr'>a</span> 
     </span>
     <span class='ocr_line' id='line_1_36' title="bbox 398 4015 1685 4105; baseline 0.002 -23"><span class='ocrx_word' id='word_1_398' title='bbox 398 4036 468 4082; x_wconf 74' lang='lat' dir='ltr'>casu</span> <span class='ocrx_word' id='word_1_399' title='bbox 491 4030 626 4099; x_wconf 88' lang='lat' dir='ltr'>tempore</span> <span class='ocrx_word' id='word_1_400' title='bbox 646 4015 753 4079; x_wconf 90' lang='lat' dir='ltr'>caloris</span> <span class='ocrx_word' id='word_1_401' title='bbox 774 4031 804 4078; x_wconf 94' lang='lat' dir='ltr'>et</span> <span class='ocrx_word' id='word_1_402' title='bbox 834 4017 935 4079; x_wconf 87' lang='lat' dir='ltr'>sitiens</span> <span class='ocrx_word' id='word_1_403' title='bbox 963 4018 1094 4101; x_wconf 79' lang='lat' dir='ltr'>vagabar</span> <span class='ocrx_word' id='word_1_404' title='bbox 1113 4017 1169 4081; x_wconf 90' lang='lat' dir='ltr'>sub</span> <span class='ocrx_word' id='word_1_405' title='bbox 1190 4019 1248 4081; x_wconf 89' lang='lat' dir='ltr'>hoc</span> <span class='ocrx_word' id='word_1_406' title='bbox 1269 4019 1345 4083; x_wconf 90' lang='lat' dir='ltr'>colle</span> <span class='ocrx_word' id='word_1_407' title='bbox 1366 4021 1445 4105; x_wconf 90' lang='lat' dir='ltr'>quod</span> <span class='ocrx_word' id='word_1_408' title='bbox 1467 4020 1574 4085; x_wconf 90' lang='lat' dir='ltr'>accidit</span> <span class='ocrx_word' id='word_1_409' title='bbox 1595 4021 1685 4085; x_wconf 87' lang='lat' dir='ltr'>michi</span> 
     </span>
     <span class='ocr_line' id='line_1_37' title="bbox 399 4114 1686 4199; baseline 0.004 -21"><span class='ocrx_word' id='word_1_410' title='bbox 399 4114 506 4198; x_wconf 81' lang='lat' dir='ltr'>gillias,</span> <span class='ocrx_word' id='word_1_411' title='bbox 526 4135 582 4192; x_wconf 76' lang='lat' dir='ltr'>aco</span> <span class='ocrx_word' id='word_1_412' title='bbox 603 4114 639 4178; x_wconf 87' lang='lat' dir='ltr'>de</span> <span class='ocrx_word' id='word_1_413' title='bbox 659 4116 772 4199; x_wconf 85' lang='lat' dir='ltr'>corigia</span> <span class='ocrx_word' id='word_1_414' title='bbox 800 4114 909 4199; x_wconf 88' lang='lat' dir='ltr'>optulit</span> <span class='ocrx_word' id='word_1_415' title='bbox 935 4137 968 4178; x_wconf 89' lang='lat' dir='ltr'>se</span> <span class='ocrx_word' id='word_1_416' title='bbox 996 4117 1087 4180; x_wconf 91' lang='lat' dir='ltr'>michi</span> <span class='ocrx_word' id='word_1_417' title='bbox 1115 4118 1257 4181; x_wconf 90' lang='lat' dir='ltr'>comitem</span> <span class='ocrx_word' id='word_1_418' title='bbox 1278 4133 1308 4181; x_wconf 88' lang='lat' dir='ltr'>et</span> <span class='ocrx_word' id='word_1_419' title='bbox 1335 4119 1440 4183; x_wconf 89' lang='lat' dir='ltr'>ducem</span> <span class='ocrx_word' id='word_1_420' title='bbox 1462 4135 1492 4182; x_wconf 91' lang='lat' dir='ltr'>et</span> <span class='ocrx_word' id='word_1_421' title='bbox 1512 4120 1617 4183; x_wconf 79' lang='lat' dir='ltr'>direxit</span> <span class='ocrx_word' id='word_1_422' title='bbox 1638 4141 1686 4183; x_wconf 88' lang='lat' dir='ltr'>me</span> 
     </span>
     <span class='ocr_line' id='line_1_38' title="bbox 399 4214 1686 4304; baseline 0.005 -28"><span class='ocrx_word' id='word_1_423' title='bbox 399 4215 435 4276; x_wconf 89' lang='lat' dir='ltr'>ad</span> <span class='ocrx_word' id='word_1_424' title='bbox 457 4235 548 4299; x_wconf 88' lang='lat' dir='ltr'>aquas</span> <span class='ocrx_word' id='word_1_425' title='bbox 569 4214 703 4298; x_wconf 88' lang='lat' dir='ltr'>ytalicas,</span> <span class='ocrx_word' id='word_1_426' title='bbox 724 4217 786 4299; x_wconf 87' lang='lat' dir='ltr'>ipse</span> <span class='ocrx_word' id='word_1_427' title='bbox 807 4215 891 4279; x_wconf 82' lang='lat' dir='ltr'>duxit</span> <span class='ocrx_word' id='word_1_428' title='bbox 912 4237 961 4278; x_wconf 91' lang='lat' dir='ltr'>me</span> <span class='ocrx_word' id='word_1_429' title='bbox 982 4218 1011 4279; x_wconf 90' lang='lat' dir='ltr'>in</span> <span class='ocrx_word' id='word_1_430' title='bbox 1033 4215 1154 4301; x_wconf 81' lang='lat' dir='ltr'>ytaliam</span> <span class='ocrx_word' id='word_1_431' title='bbox 1158 4264 1207 4278; x_wconf 91' lang='grc'><strong>.....</strong></span> <span class='ocrx_word' id='word_1_432' title='bbox 1230 4220 1309 4279; x_wconf 81' lang='lat' dir='ltr'>ritus</span> <span class='ocrx_word' id='word_1_433' title='bbox 1330 4219 1424 4302; x_wconf 81' lang='lat' dir='ltr'>nangis</span> <span class='ocrx_word' id='word_1_434' title='bbox 1445 4239 1545 4301; x_wconf 90' lang='lat' dir='ltr'>purus,</span> <span class='ocrx_word' id='word_1_435' title='bbox 1565 4241 1617 4282; x_wconf 86' lang='lat' dir='ltr'>seu</span> <span class='ocrx_word' id='word_1_436' title='bbox 1638 4240 1686 4304; x_wconf 91' lang='lat' dir='ltr'>pa·</span> 
     </span>
     <span class='ocr_line' id='line_1_39' title="bbox 399 4314 1686 4403; baseline 0.005 -28"><span class='ocrx_word' id='word_1_437' title='bbox 399 4314 465 4391; x_wconf 85' lang='lat' dir='ltr'>dus,</span> <span class='ocrx_word' id='word_1_438' title='bbox 485 4335 576 4399; x_wconf 88' lang='lat' dir='ltr'>quam</span> <span class='ocrx_word' id='word_1_439' title='bbox 599 4315 725 4376; x_wconf 88' lang='lat' dir='ltr'>rodanus</span> <span class='ocrx_word' id='word_1_440' title='bbox 747 4314 900 4378; x_wconf 85' lang='lat' dir='ltr'>videbatur</span> <span class='ocrx_word' id='word_1_441' title='bbox 920 4316 1023 4393; x_wconf 89' lang='lat' dir='ltr'>michi,</span> <span class='ocrx_word' id='word_1_442' title='bbox 1045 4330 1075 4380; x_wconf 89' lang='lat' dir='ltr'>et</span> <span class='ocrx_word' id='word_1_443' title='bbox 1095 4336 1184 4400; x_wconf 89' lang='lat' dir='ltr'>sapor</span> <span class='ocrx_word' id='word_1_444' title='bbox 1203 4316 1294 4379; x_wconf 91' lang='lat' dir='ltr'>herbe</span> <span class='ocrx_word' id='word_1_445' title='bbox 1308 4317 1415 4403; x_wconf 89' lang='lat' dir='ltr'>ytalice</span> <span class='ocrx_word' id='word_1_446' title='bbox 1430 4317 1545 4381; x_wconf 91' lang='lat' dir='ltr'>dulcior</span> <span class='ocrx_word' id='word_1_447' title='bbox 1561 4320 1620 4381; x_wconf 90' lang='lat' dir='ltr'>iam</span> <span class='ocrx_word' id='word_1_448' title='bbox 1641 4334 1686 4382; x_wconf 89' lang='lat' dir='ltr'>est</span> 
     </span>
     <span class='ocr_line' id='line_1_40' title="bbox 399 4414 502 4477; baseline -0.019 0"><span class='ocrx_word' id='word_1_449' title='bbox 399 4414 502 4477; x_wconf 91' lang='lat' dir='ltr'>michi.</span> 
     </span>
    </p>

    <p class='ocr_par' dir='ltr' id='par_1_5' title="bbox 399 4512 1687 4701">
     <span class='ocr_line' id='line_1_41' title="bbox 479 4512 1686 4599; baseline 0.004 -24"><span class='ocrx_word' id='word_1_450' title='bbox 479 4514 603 4598; x_wconf 76' lang='lat' dir='ltr'>Spreta:</span> <span class='ocrx_word' id='word_1_451' title='bbox 624 4512 793 4596; x_wconf 88' lang='lat' dir='ltr'>Respondet</span> <span class='ocrx_word' id='word_1_452' title='bbox 814 4514 991 4577; x_wconf 87' lang='lat' dir='ltr'>Ganimedes</span> <span class='ocrx_word' id='word_1_453' title='bbox 1014 4529 1043 4578; x_wconf 90' lang='lat' dir='ltr'>et</span> <span class='ocrx_word' id='word_1_454' title='bbox 1069 4514 1160 4577; x_wconf 91' lang='lat' dir='ltr'>dicit:</span> <span class='ocrx_word' id='word_1_455' title='bbox 1191 4530 1235 4577; x_wconf 89' lang='lat' dir='ltr'>est</span> <span class='ocrx_word' id='word_1_456' title='bbox 1262 4514 1302 4577; x_wconf 87' lang='lat' dir='ltr'>ita</span> <span class='ocrx_word' id='word_1_457' title='bbox 1330 4536 1417 4578; x_wconf 89' lang='lat' dir='ltr'>causa</span> <span class='ocrx_word' id='word_1_458' title='bbox 1445 4517 1514 4599; x_wconf 91' lang='lat' dir='ltr'>quia</span> <span class='ocrx_word' id='word_1_459' title='bbox 1535 4518 1579 4579; x_wconf 89' lang='lat' dir='ltr'>vis</span> <span class='ocrx_word' id='word_1_460' title='bbox 1601 4537 1686 4580; x_wconf 89' lang='lat' dir='ltr'>rece-</span> 
     </span>
     <span class='ocr_line' id='line_1_42' title="bbox 399 4612 1687 4701; baseline 0.002 -25"><span class='ocrx_word' id='word_1_461' title='bbox 399 4612 491 4676; x_wconf 86' lang='lat' dir='ltr'>dere?</span> <span class='ocrx_word' id='word_1_462' title='bbox 512 4634 611 4675; x_wconf 90' lang='lat' dir='ltr'>nonne</span> <span class='ocrx_word' id='word_1_463' title='bbox 640 4629 672 4675; x_wconf 91' lang='lat' dir='ltr'>tu</span> <span class='ocrx_word' id='word_1_464' title='bbox 699 4612 815 4676; x_wconf 91' lang='lat' dir='ltr'>solebas</span> <span class='ocrx_word' id='word_1_465' title='bbox 842 4635 962 4701; x_wconf 89' lang='lat' dir='ltr'>carpere</span> <span class='ocrx_word' id='word_1_466' title='bbox 990 4615 1158 4699; x_wconf 85' lang='lat' dir='ltr'>eloquentia</span> <span class='ocrx_word' id='word_1_467' title='bbox 1186 4629 1236 4676; x_wconf 90' lang='lat' dir='ltr'>tua</span> <span class='ocrx_word' id='word_1_468' title='bbox 1257 4614 1393 4678; x_wconf 88' lang='lat' dir='ltr'>homines</span> <span class='ocrx_word' id='word_1_469' title='bbox 1413 4615 1548 4680; x_wconf 76' lang='lat' dir='ltr'>alboset</span> <span class='ocrx_word' id='word_1_470' title='bbox 1569 4616 1687 4679; x_wconf 52' lang='lat' dir='ltr'>bonust</span> 
     </span>
    </p>
   </div>
   <div class='ocr_carea' id='block_1_3' title="bbox 0 0 2088 5217">
    <p class='ocr_par' dir='ltr' id='par_1_6' title="bbox 0 0 2088 5217">
     <span class='ocr_line' id='line_1_43' title="bbox 0 0 2088 5217; baseline 0 0"><span class='ocrx_word' id='word_1_471' title='bbox 0 0 2088 5217; x_wconf 95' lang='lat' dir='ltr'> </span> 
     </span>
    </p>
   </div>
  </div>
 </body>
</html>
