4125 5217
454 387 511 452 182
952 406 1102 457 amomo
1127 408 1234 457 stanna

450 674 513 733 lloc
537 667 660 743 tnalmn,
681 689 775 752 que-a
797 667 915 731 senibus
931 689 1001 730 sero
1022 684 1090 731 sunt
1113 670 1207 751 astragis
1221 690 1310 754 quarn
1332 671 1361 731 in
1383 670 1548 745 iuvenibus,
1564 673 1632 756 quia
1654 671 1736 754 plura

451 772 587 833 siderant
609 787 638 832 et
667 770 733 830 ideo
755 770 848 851 inagis
877 770 988 852 experti
1010 783 1089 831 snnt.
1110 805 1130 816 -
1152 770 1197 830 bn·
1222 776 1261 830 ert
1280 771 1339 831 nito
1361 771 1515 837 borninrnn.
1541 773 1597 835 llic
1625 773 1738 835 inducit

450 871 598 954 qttandam
630 871 820 931 autoritatem
853 869 1013 930 notandam
1045 885 1075 930 et
1096 867 1298 951 pulcerimam,
1319 889 1377 951 qne
1408 868 1486 931 clara
1519 885 1599 953 patet
1631 871 1660 931 in
1681 870 1737 953 hijs

453 987 582 1054 quatuor
603 969 734 1031 versibus
756 989 849 1052 usqne
880 966 938 1030 ibi:
965 968 1062 1030 «Citra
1076 966 1162 1028 inirlri
1177 993 1203 1028 a.
1227 970 1280 1030 llic
1303 969 1458 1051 respondet
1480 970 1606 1053 pltitias:
1628 970 1738 1039 usitat,

452 1092 517 1133 aare
549 1072 702 1153 inprimis,
725 1070 800 1131 idest
820 1066 895 1129 ultra
917 1079 1033 1137 omnes,
1055 1088 1112 1148 ego
1133 1083 1247 1148 tergam
1274 1066 1388 1139 oculos,
1410 1083 1441 1131 te
1467 1068 1610 1143 consule;
1632 1084 1672 1142 et,
1693 1071 1739 1130 si·

450 1169 521 1253 quid
536 1167 627 1230 habes
648 1168 728 1252 qam
750 1169 787 1230 sit
801 1166 934 1228 solamen
956 1166 1052 1246 acerbi
1076 1167 1175 1227 damni
1200 1168 1275 1249 regis
1291 1168 1410 1240 tattirttri,
1432 1169 1608 1249 terrrpesttra
1629 1166 1764 1229 obliuia.

451 1269 584 1332 relevent
605 1288 709 1351 graves
731 1288 839 1341 casus3
861 1267 935 1328 idest
964 1265 1000 1329 da
1022 1265 1112 1328 miclti
1134 1265 1253 1349 aliquod
1275 1264 1407 1327 solamen
1430 1282 1550 1349 propter
1572 1267 1652 1349 quod
1681 1287 1740 1328 nta-

452 1369 513 1431 lmn
536 1367 632 1430 tradat
653 1366 807 1448 obliuioni,
828 1386 886 1450 que
906 1364 1018 1428 obiitin
1040 1381 1084 1427 est
1107 1364 1245 1427 ultimant
1268 1365 1429 1428 retnedium
1451 1368 1564 1450 accepti
1586 1365 1740 1449 dampni.-

453 1469 513 1529 inro
535 1469 577 1528 ait
598 1466 656 1533 itta.
678 1486 729 1527 sen
751 1465 865 1539 silvius,
887 1474 965 1526 trram
987 1472 1034 1535 ast,
1056 1486 1075 1526 o
1097 1464 1199 1547 phala,
1221 1461 1316 1525 solare
1344 1485 1391 1525 me
1412 1479 1441 1525 ct
1463 1462 1573 1548 aliquid
1593 1463 1690 1526 dicere
1711 1479 1741 1527 et

452 1586 571 1628 mecum
604 1566 702 1647 partiri
726 1566 856 1626 canmna
887 1564 1006 1627 condita
1028 1565 1059 1625 in
1092 1578 1211 1645 pectore
1232 1577 1294 1637 tuo,
1326 1583 1383 1646 que
1404 1583 1513 1634 serras,
1536 1563 1611 1625 idest
1636 1564 1740 1626 retines

453 1669 529 1728 intra
551 1679 600 1727 te:
624 1680 651 1726 et
671 1664 736 1737 tibi,
751 1663 836 1746 (pro:
856 1686 875 1725 a
897 1664 941 1746 te)
963 1684 983 1724 o
1004 1662 1107 1746 phitia,
1128 1660 1296 1725 cantabitur
1323 1664 1426 1745 ingens
1448 1679 1547 1744 argus,
1568 1663 1644 1725 idest
1665 1661 1739 1725 iacta

379 1820 382 1823 a
453 1766 554 1847 magni
575 1765 650 1845 argi,
671 1785 722 1825 seu
746 1765 822 1846 regis
839 1763 946 1825 roberti
968 1762 1136 1825 cantabitur
1157 1762 1208 1843 tibj
1226 1763 1307 1845 (prot
1323 1784 1339 1823 a
1356 1762 1400 1844 te)
1423 1784 1511 1824 nurtc.
1533 1776 1564 1824 et
1584 1762 1652 1824 olim
1674 1763 1741 1847 alap-

452 1866 497 1926 nis
526 1862 697 1947 pastorilnn.
719 1883 770 1925 seu
793 1867 819 1926 :l
840 1862 958 1943 virgilio
989 1864 1019 1924 in
1041 1860 1201 1924 buccolicis
1232 1876 1367 1924 castratur
1397 1861 1543 1944 dampnis,
1563 1862 1630 1924 ideo
1651 1861 1740 1925 dicit:

453 1963 595 2025 «olinta
624 1962 843 2045 pastoribus»;
875 1962 927 2025 tibi
949 1962 1039 2045 (prot
1061 1984 1078 2023 a
1099 1964 1140 2042 te)
1169 1962 1272 2043 ingens
1306 1982 1355 2023 rex
1388 1961 1534 2025 liebertus
1562 1961 1741 2025 cantrinibus

452 2064 520 2124 tuis.
541 2098 561 2109 -
584 2063 702 2123 irrerito:
726 2064 789 2124 Hoc
821 2062 892 2125 dicit
913 2062 981 2145 quia
1003 2062 1065 2144 ipse
1097 2059 1245 2135 barbatus,
1266 2062 1316 2143 qui
1338 2060 1386 2122 bic
1409 2077 1597 2144 nuncupatur
1625 2061 1742 2144 phitias,

450 2163 583 2244 optimus
593 2161 798 2222 dictatorerat.
807 2196 817 2207 ·
826 2161 896 2244 qnid
906 2160 958 2221 tili
968 2159 1182 2241 (interogatise
1194 2158 1351 2241 legendum
1364 2160 1423 2242 est)
1433 2159 1547 2244 piritio?
1559 2160 1740 2244 Respondet:

450 2260 521 2344 quid
543 2258 620 2341 tibj?
641 2259 725 2333 idest,
747 2261 815 2343 quia
837 2260 909 2321 dicis
927 2259 1007 2343 quenl
1029 2259 1120 2321 nticlti
1144 2259 1230 2341 (prbe
1252 2280 1269 2320 a
1293 2260 1356 2340 me)
1379 2258 1547 2321 cantabitur
1567 2262 1680 2342 argus?
1701 2280 1742 2322 re-

451 2358 540 2440 plicat
561 2357 635 2420 illud
658 2357 779 2419 verbum
796 2356 914 2439 planias,
936 2356 1014 2441 quod
1036 2355 1139 2418 silvius
1161 2358 1191 2419 itt
1221 2356 1387 2439 precedenti
1411 2378 1496 2420 versu
1524 2356 1617 2419 dixit:
1645 2365 1672 2419 ct
1691 2357 1744 2439 tilii

451 2477 525 2519 nnnc
545 2459 645 2541 ingens
654 2478 666 2529 ;
687 2472 726 2528 et,
749 2456 962 2538 respondendo,
977 2458 1175 2537 interogatise
1195 2455 1341 2539 loquitur:
1364 2456 1435 2539 qnid
1449 2455 1520 2517 att?
1540 2458 1625 2540 quasi
1649 2457 1742 2520 dicat:

450 2576 504 2618 cur
533 2556 608 2618 dicis
629 2555 682 2617 titt
711 2570 741 2618 et
763 2576 822 2616 non
855 2554 958 2617 astas?
978 2575 1038 2616 non
1070 2556 1142 2617 dicis
1173 2577 1190 2615 a
1220 2570 1249 2616 te
1280 2556 1389 2637 cantari
1423 2558 1540 2639 Argum
1568 2571 1598 2618 et
1626 2577 1685 2617 non
1706 2555 1742 2619 ad

451 2676 509 2729 nte,
531 2674 601 2717 cuin
623 2672 723 2717 autent
744 2675 849 2717 canere
870 2656 968 2716 scias?
991 2675 1063 2716 num
1085 2675 1211 2736 pronum
1234 2654 1327 2738 qnid?
1350 2654 1395 2717 rel
1417 2676 1454 2716 an
1484 2671 1515 2717 tta
1537 2675 1656 2739 quoque
1683 2676 1743 2718 car·

452 2757 532 2815 mine
552 2775 659 2816 canere
673 2753 771 2829 debes,
793 2754 871 2837 qnod
893 2775 1013 2816 carmen
1028 2754 1100 2816 libet
1116 2754 1204 2816 tniclti
1222 2756 1374 2816 vocitare?
1394 2789 1405 2801 ·
1426 2776 1553 2839 trrgnnn,
1578 2754 1616 2816 ab
1629 2775 1711 2838 argo.
1732 2790 1743 2801 ·

452 2856 538 2916 nitriis
559 2855 656 2915 anania
678 2852 760 2926 celtas,
775 2874 826 2916 seu
842 2869 891 2916 tna
907 2870 936 2916 et
951 2875 984 2915 ea
1005 2875 1064 2938 que
1079 2855 1136 2915 scis
1151 2853 1288 2927 scribere,
1306 2853 1416 2928 fascem
1432 2875 1511 2929 nam,
1526 2875 1596 2917 cuin
1610 2856 1684 2916 scias
1698 2876 1744 2917 ca·

452 2973 533 3027 nere,
556 2972 672 3014 recusas
687 2952 744 3015 hoc
764 2951 868 3015 lacere.
882 2988 892 3000 -
908 2954 1002 3037 incipe
1010 2973 1022 3025 ;
1036 2954 1114 3038 farte
1128 2973 1240 3036 sepnor.
1256 2952 1422 3040 Respondet
1437 2953 1546 3016 Silvius
1568 2969 1611 3030 tu,
1626 2954 1743 3038 phitias,

451 3054 548 3135 incipe
570 3068 600 3114 et
632 3072 688 3134 ego
710 3069 739 3113 te
761 3051 835 3114 lorte
866 3072 981 3136 sequar,
1003 3053 1059 3114 nisi
1093 3068 1143 3114 tua
1165 3073 1223 3114 vos
1256 3067 1363 3114 terreat
1384 3073 1452 3128 me;
1474 3073 1543 3114 nant
1575 3074 1674 3136 posses
1702 3055 1743 3116 ita

453 3150 561 3213 diserte
583 3151 674 3236 loqui,
695 3152 774 3235 quod
796 3172 853 3234 ego
874 3152 956 3234 sequi
986 3152 1209 3215 rcrecnnderer.
1237 3187 1256 3199 -
1285 3151 1346 3225 tite,
1368 3151 1486 3235 pltitias,
1505 3153 1599 3236 fregit
1617 3153 1744 3236 suspiria

453 3248 513 3310 alta
526 3269 608 3311 eure:
624 3250 711 3333 Arge,
727 3251 811 3323 idest,
825 3270 844 3311 o
861 3270 908 3311 res
925 3248 1052 3324 roberte,
1066 3251 1156 3312 decus
1172 3272 1280 3325 rerum,
1296 3250 1369 3312 idest
1384 3250 1480 3312 ltonor
1496 3251 1597 3312 mundi
1613 3266 1643 3313 et
1657 3253 1743 3314 etatis

453 3362 565 3411 nostre.
585 3384 605 3395 -
629 3350 656 3411 0
688 3347 869 3432 organalia
901 3348 994 3412 relicta
1013 3349 1093 3419 silan.
1116 3351 1191 3412 idest
1211 3349 1296 3412 dolor
1319 3349 1410 3412 relicti
1443 3349 1555 3433 attundj,
1581 3349 1627 3412 sel
1650 3350 1742 3414 relicti

453 3448 569 3529 rengni,
591 3445 674 3509 licuit
702 3447 759 3510 hnc
781 3463 810 3509 et
831 3449 956 3509 orantia?
976 3448 1044 3528 (bec
1072 3450 1268 3531 interogatite
1289 3448 1413 3532 legenda
1440 3465 1508 3511 sunt
1530 3470 1642 3534 usque:
1666 3458 1745 3512 «arn

451 3547 527 3608 volet
546 3552 598 3608 ant
615 3548 719 3629 poterit
734 3546 777 3629 a.)
798 3583 818 3594 -
839 3547 888 3609 laoc
917 3547 998 3609 licnit
1025 3548 1125 3632 rapide
1152 3550 1239 3610 rrterti
1265 3548 1298 3609 ric
1328 3569 1408 3610 sacro
1436 3559 1551 3633 corpore
1578 3551 1618 3612 ita
1649 3549 1744 3612 licere

454 3662 483 3708 et
498 3666 566 3708 emn
589 3645 674 3708 nobis
695 3648 842 3730 arripere?
863 3645 908 3708 tel
924 3648 981 3709 ltoc
998 3648 1083 3709 licuit
1106 3648 1204 3730 rapide
1225 3648 1323 3723 morti,
1342 3668 1394 3708 seu
1409 3648 1535 3710 evellere
1556 3650 1685 3712 animant
1706 3649 1743 3711 de

453 3767 538 3808 sacro
559 3763 688 3828 corpore
709 3762 737 3809 et
759 3767 828 3808 curn
850 3747 933 3809 nobis
948 3746 1109 3809 aut'erre?·
1126 3748 1185 3808 lloc
1199 3768 1270 3808 aura
1284 3754 1323 3808 est
1343 3746 1435 3822 telins,
1449 3768 1501 3810 seu
1517 3749 1614 3830 ipsunt
1629 3750 1743 3830 operire
1812 3750 1815 3756 '

452 3847 483 3906 in
504 3865 536 3906 se
558 3860 710 3926 receptum
722 3848 734 3905 ἒ
747 3880 758 3893 -
772 3845 872 3908 lmnrns
886 3854 952 3907 atra
967 3845 1082 3907 liarrrtit
1102 3853 1135 3917 te,
1157 3848 1208 3929 qni
1228 3847 1287 3906 ianr
1307 3845 1384 3908 seins
1398 3853 1536 3931 spectator
1555 3868 1619 3909 eras
1631 3846 1744 3909 stellan-

453 3946 489 4005 tis
500 3944 628 4028 alirnpis?
641 3947 706 4007 lloc
721 3945 801 4019 dicit,
812 3947 879 4028 quia
896 3948 958 4028 ipsc
973 3966 1023 4006 res
1039 3945 1174 4007 robertus
1189 3944 1243 4007 luit
1257 3946 1422 4028 astrolagus
1434 3948 1581 4008 maximus
1595 3948 1742 4008 otnniunt,

452 4064 539 4126 -qua,
554 4043 629 4105 idest
644 4043 680 4104 ad
696 4063 783 4127 quem
799 4042 909 4119 locum,
920 4043 1016 4125 gloria
1031 4045 1097 4106 secli
1106 4046 1120 4105 ?
1140 4046 1222 4128 quasi
1244 4044 1338 4107 dicat:
1355 4044 1404 4106 ubi
1420 4046 1540 4108 recessit
1555 4044 1637 4107 lator
1650 4048 1742 4108 nostri

453 4159 483 4205 et
505 4140 599 4225 gloria
621 4142 825 4226 narrantque
846 4145 946 4204 onmia
968 4143 1015 4205 ltic
1038 4141 1118 4205 solus
1140 4158 1211 4204 erat.
1233 4176 1253 4189 -
1274 4145 1337 4227 qnia·
1358 4151 1526 4228 trrnprstatrs
1545 4152 1687 4228 prenoscrt
1707 4144 1743 4206 at

452 4242 544 4303 intere
565 4240 670 4325 longe?
690 4242 859 4323 presidebat
880 4243 942 4324 ipse
964 4244 1066 4326 utique
1086 4256 1155 4304 ante
1176 4242 1336 4305 adrentum
1357 4244 1537 4306 mutationes
1559 4246 1699 4327 temporis
1713 4259 1742 4307 et

453 4356 644 4425 tempestates
660 4343 785 4403 marinas
801 4343 828 4403 io
845 4342 914 4425 ipsis
928 4343 1041 4425 singnis
1056 4343 1150 4419 aeris;
1166 4363 1260 4427 neque
1273 4364 1433 4427 aturnquam
1445 4342 1570 4405 errabat.
1581 4379 1591 4390 ·
1603 4346 1666 4427 pais
1679 4365 1743 4406 trare

447 4443 530 4527 sertas
551 4434 722 4525 ‹prterrirnpn
743 4448 767 4501 et
787 4462 859 4502 sant
881 4440 1023 4503 ruo-relat?
1043 4440 1102 4503 ltoc
1123 4441 1193 4503 dicit
1214 4444 1282 4526 quia
1305 4464 1353 4504 rea
1376 4445 1451 4506 mire
1475 4443 1609 4506 iacuttdie
1631 4442 1685 4505 luit
1712 4445 1742 4506 in

454 4557 570 4602 tantum
602 4540 681 4623 quod
702 4542 803 4602 ontoia
824 4542 911 4602 corda
937 4541 1020 4615 dura,
1042 4542 1143 4602 ontnia
1165 4540 1235 4616 iera,
1256 4544 1355 4603 ontnia
1378 4565 1466 4626 prata
1488 4541 1668 4626 provocabat
1689 4563 1742 4626 sua

452 4639 609 4701 dulcedine
631 4640 660 4699 in
682 4661 814 4701 antorent
836 4642 891 4715 sui,
922 4662 1026 4703 omnes
1051 4640 1206 4703 reducebat
1228 4658 1257 4704 et
1278 4643 1340 4703 sire
1361 4642 1422 4725 lcrj,
1445 4645 1507 4705 sive
1532 4642 1658 4725 properi,
1679 4642 1741 4705 sire

454 4737 577 4820 robusti,
614 4739 676 4799 sire
703 4737 852 4815 indomiti,
886 4740 948 4800 sire
978 4739 1074 4815 rudes,
1111 4740 1173 4801 site
1202 4740 1314 4826 iniqui,
1349 4743 1411 4804 site
1437 4741 1554 4825 superni
1591 4756 1697 4803 esseut.
1722 4778 1741 4789 -
