4125 5217
888 365 1038 415 ANTONIO
1061 367 1167 413 AVENA

475 438 479 446 ι

456 508 473 515 -
558 505 622 513 .-....
649 503 701 512 ...-
715 480 1674 513 aunum-&U-

376 633 525 706 chevole.
551 634 611 701 Pet
634 652 751 722 questo
783 630 815 696 io
850 629 895 696 mi
929 627 1023 695 sentii
1048 628 1334 696 necessariamente
1365 628 1540 718 risospinto
1564 651 1582 695 a
1605 650 1675 697 cer-

377 769 451 815 care
488 767 531 810 tm
567 740 647 810 altro
683 738 794 807 codice
830 734 869 805 da
904 737 954 804 cni
990 736 1079 804 l’tmo
1113 761 1131 804 e
1166 734 1269 805 i’altto
1297 735 1434 805 abbiano
1469 737 1583 806 attinto
1614 759 1677 804 con

378 852 506 922 diversa
545 851 664 917 misum
704 871 721 914 e
760 865 960 928 costanza,e
996 844 1041 911 mi
1076 867 1171 934 parve
1205 842 1238 912 di
1273 843 1440 912 ritrovatlo
1476 842 1528 912 nei
1566 843 1677 914 codice

380 962 520 1043 Estense
538 984 569 1024 rt.
594 981 635 1024 w.
664 976 748 1039 5³2-
775 955 829 1022 Ma
853 976 897 1021 un
920 976 1027 1020 esame
1051 972 1172 1021 attento
1197 954 1241 1020 mi
1271 952 1353 1021 toise
1388 952 1428 1021 da
1464 973 1576 1044 questa
1606 955 1676 1045 opi·

380 1072 498 1151 nione3
524 1066 544 1135 it
568 1064 680 1134 codice
705 1064 839 1131 iistettse
864 1063 895 1130 in
920 1059 997 1129 fatto
1027 1062 1223 1151 interrompe
1259 1061 1279 1129 ii
1315 1081 1502 1129 commento
1538 1085 1556 1130 a
1591 1066 1676 1131 metti

380 1174 520 1263 deil’egi.
545 1174 602 1253 i'i,
627 1191 752 1239 memte
775 1173 785 1238 i
810 1169 903 1238 codd.
920 1169 1113 1237 Corsiniano
1134 1171 1194 1258 369
1212 1194 1230 1237 e
1246 1169 1461 1238 Casanatettse
1479 1170 1676 1238 continuatio

380 1282 611 1376 perseveranti.
631 1281 655 1348 li
673 1304 740 1347 non
764 1283 782 1346 e
805 1303 823 1347 a
847 1278 914 1346 dire
931 1278 1047 1346 cit’essi
1062 1276 1149 1368 dopo
1173 1277 1202 1345 le
1227 1279 1328 1368 ptime
1352 1280 1398 1346 sei
1422 1276 1562 1365 egioghe
1586 1278 1677 1346 attin·

375 1390 535 1483 ¹ganoad
558 1388 627 1460 altri
652 1389 840 1470 commenti,
866 1385 982 1477 perche
1006 1386 1102 1454 l’tmo
1137 1411 1155 1455 e
1189 1385 1296 1456 i'altro
1319 1393 1367 1471 (se
1393 1409 1550 1454 mantano
1574 1386 1678 1455 vicen·

382 1498 592 1569 deeolmente
624 1496 656 1565 di
689 1519 777 1578 note,
802 1519 897 1564 come
920 1495 1074 1563 avt-cniva
1102 1519 1158 1585 pet
1185 1493 1205 1562 i’
1219 1493 1376 1580 attieno)
1401 1493 1501 1564 molte
1524 1494 1612 1564 volte
1637 1517 1677 1564 ne

383 1609 495 1677 hanno
519 1604 733 1686 d’identicite‚
757 1627 851 1672 come
876 1624 996 1673 mostra
1019 1622 1135 1695 questo
1158 1602 1336 1673 tafftonto:

930 1817 1053 1912 Egloga
1075 1820 1148 1889 VII.

581 1984 779 2054 Corsiniano

381 2116 512 2169 verberat:
531 2114 594 2184 quir
605 2130 658 2166 non
673 2112 743 2165 venit
757 2115 788 2164 eti
809 2130 882 2164 suam
901 2113 983 2164 inten-

384 2206 495 2259 tionem.

382 2314 408 2350 v.
441 2308 493 2347 tro
520 2295 637 2346 nominrt
668 2311 748 2345 anum
780 2293 854 2345 vaide
884 2292 982 2361 ypocri-

383 2385 447 2447 tam'.
466 2387 586 2453 quierat
607 2386 753 2452 episeopus.
772 2385 814 2436 iric
827 2401 873 2435 rm
891 2384 984 2435 astutia

384 2476 516 2544 persuasit
529 2475 603 2526 atteri
621 2485 649 2526 ut
669 2475 718 2525 sibi
733 2492 807 2525 auum
828 2475 985 2525 renuntiaret

383 2565 581 2625 benefitium.et
601 2565 638 2617 sie
657 2565 716 2616 iecit
734 2575 759 2616 et
779 2565 863 2631 ipsmn
877 2563 983 2632 fugavit.

384 2667 495 2723 uterque
513 2667 587 2707 erant
605 2657 639 2706 de
659 2655 776 2706 tiandia.

1276 1982 1494 2054 Casanatense

1087 2128 1113 2164 ν.
1137 2125 1186 2177 109
1207 2112 1335 2165 Describit
1355 2128 1433 2164 unum
1452 2113 1587 2182 ipocritenr

1088 2204 1141 2253 ient
1159 2202 1272 2254 verterat
1287 2202 1348 2271 quia
1366 2204 1498 2255 affectabat
1526 2222 1583 2257 esse
1612 2206 1682 2258 cardi

1089 2291 1164 2345 nelis.
1182 2294 1315 2360 spoliarier
1335 2292 1510 2361 episcopatum

1089 2399 1113 2435 r.
1136 2395 1182 2435 ιιι
1204 2384 1297 2450 probat
1315 2384 1385 2452 quod
1403 2394 1459 2437 erat
1480 2402 1555 2437 serus
1576 2396 1602 2438 et
1622 2403 1684 2454 ypo-

1091 2474 1196 2541 poeria.

1090 2582 1116 2616 v.
1139 2578 1188 2629 ιι4
1207 2565 1280 2633 ponit
1298 2567 1364 2618 duos
1382 2566 1427 2635 qui
1448 2583 1529 2634 nuper
1554 2578 1681 2620 venerunt

1090 2656 1123 2706 de
1143 2655 1275 2708 Flrttdria.

474 2800 504 2865 A
528 2798 632 2889 questi
657 2796 720 2865 due
745 2822 821 2865 mss.
845 2798 983 2866 s'unisce
1000 2799 1053 2888 poi
1071 2796 1109 2866 da
1126 2797 1213 2866 bnon
1231 2796 1354 2868 fratello
1370 2799 1392 2868 it
1409 2799 1519 2869 codice
1536 2800 1681 2885 forense,

383 2905 403 2973 il
427 2904 535 2996 quale,
560 2929 594 2973 se
619 2928 686 2972 nnn
710 2904 829 2973 adorna
853 2903 882 2972 ie
906 2930 962 2973 sue
987 2926 1070 2974 carte
1094 2905 1175 2974 d’tm
1192 2926 1380 2976 commento
1397 2907 1456 2976 che
1473 2908 1683 2999 accompagni

383 3013 404 3080 it
427 3013 544 3082 lettore
569 3015 660 3106 quasi
683 3014 756 3081 sino
788 3012 815 3081 ai
848 3015 982 3082 termine
1006 3013 1087 3083 delia
1111 3013 1270 3096 Bucolica,
1294 3017 1426 3084 tuttmia
1450 3040 1517 3084 non
1541 3020 1559 3086 e
1583 3041 1682 3086 meno

382 3125 592 3211 importante,
610 3122 727 3213 perche
751 3146 852 3205 sette,
878 3146 938 3189 con
963 3122 992 3190 le
1019 3147 1077 3191 sne
1101 3143 1177 3192 note
1200 3124 1329 3215 speciali
1346 3126 1405 3194 che
1428 3128 1455 3194 si
1479 3146 1627 3197 staccano
1644 3126 1684 3197 da

383 3230 492 3322 quelle
508 3231 559 3301 dei
585 3234 657 3299 snoi
676 3230 787 3299 fratelli
804 3259 821 3299 e
839 3255 901 3300 con
917 3232 1021 3323 quelle
1039 3233 1097 3300 che
1114 3233 1330 3318 concordatio,
1347 3261 1364 3303 a
1381 3234 1465 3303 darei
1484 3235 1615 3305 un'idea
1631 3231 1684 3306 ab'-

382 3341 536 3410 basmnza
560 3341 665 3409 chiara
689 3339 740 3409 del
765 3363 952 3409 commento
969 3340 999 3409 di
1017 3344 1067 3410 cui
1084 3341 1291 3412 imnentiamo
1308 3345 1336 3411 la
1360 3344 1491 3436 perdita.
1518 3347 1543 3414 E
1568 3347 1684 3438 percite

384 3451 441 3538 poi
468 3472 534 3516 mm
559 3452 585 3516 si
611 3449 680 3517 dica
705 3450 790 3516 cit’io
815 3449 949 3517 atiermo
983 3473 1079 3518 senza
1114 3474 1258 3541 promte,
1293 3478 1371 3522 ecco
1407 3453 1459 3524 dei
1495 3456 1684 3541 rasfronti,i

382 3556 470 3646 qtttli
496 3578 663 3624 mosttano
688 3581 781 3625 come
807 3560 814 3623 i
839 3557 941 3626 codici
967 3581 1033 3626 non
1058 3583 1202 3651 possono
1226 3585 1332 3631 essere
1357 3563 1416 3631 cite
1442 3562 1570 3634 fratelli:
1605 3639 1607 3643 y

945 3758 1068 3850 Egloga
1096 3761 1121 3829 i.

1369 3924 1585 3998 Casanatense

876 4052 994 4103 Ostendit
1008 4052 1103 4102 Silvius
1117 4054 1233 4104 affectum
1316 4054 1412 4106 Silvios
1424 4058 1537 4109 ostendit
1559 4059 1675 4112 affectum

393 4143 489 4194 sectum
513 4160 589 4210 quem
609 4144 720 4194 habebat
740 4145 794 4194 imi·
840 4159 916 4208 «luem
928 4142 1038 4193 tratettat
1048 4143 1165 4195 imitandi
1176 4162 1234 4211 poe·
1280 4163 1356 4213 quem
1377 4146 1486 4198 habebat
1505 4148 1600 4200 imitari
1620 4166 1678 4217 poe-

500 3921 695 3989 Corsiniano
969 3922 1104 3990 Estense

429 4068 457 4101 r.
475 4064 502 4101 ιι
519 4051 615 4102 Silvius
628 4051 742 4102 ostendit
760 4052 795 4101 at·

393 4235 440 4283 rari
481 4245 571 4299 'netas
608 4248 634 4285 er
678 4252 791 4287 amorem
814 4275 817 4306 Ι
840 4243 878 4282 tae
897 4243 922 4281 et
941 4250 1054 4285 ammem
1073 4253 1136 4302 erga
1155 4235 1234 4302 ipsos.
1255 4267 1259 4298 ,
1281 4249 1319 4287 tas
1338 4245 1364 4287 et
1383 4254 1496 4288 amorem
1515 4256 1577 4307 erge
1595 4240 1675 4308 ipsos.

389 4341 454 4390 erga
474 4324 554 4390 ipsos.
814 4335 817 4384 Ι
876 4324 995 4374 intendit
1016 4341 1091 4392 poeta
1104 4325 1258 4393 quomodo=
1316 4328 1435 4379 Ostendit
1450 4342 1524 4394 poeta
1545 4334 1677 4398 quomodo

429 4431 456 4465 e,
477 4429 512 4478 αι)
531 4418 606 4483 quasi
637 4418 706 4470 dicat
739 4431 792 4469 1010
814 4405 817 4482 Ι
840 4426 893 4465 toto
922 4433 996 4481 posse
1028 4417 1141 4469 imitator
1161 4417 1234 4484 virgi·
1256 4421 1258 4482 ξ
1281 4428 1336 4469 ιοιο
1358 4425 1434 4484 posse
1455 4419 1576 4485 >enitatur
1593 4422 1678 4491 virgi·

391 4521 471 4571 pom·
489 4510 685 4575 commonui
705 4510 790 4562 stilum
813 4491 817 4532 ¹
840 4506 901 4555 lium
926 4519 951 4557 et
970 4507 1102 4557 homerum
1127 4507 1154 4558 in
1172 4525 1234 4560 mn-
1256 4527 1259 4593 3
1281 4510 1343 4560 lium
1357 4519 1381 4561 et
1396 4509 1538 4562 '‘emerum
1570 4514 1597 4564 io
1618 4531 1678 4565 con·

390 4598 480 4647 ⁴imeri
501 4611 526 4648 et
549 4599 649 4665 virgili.
738 4625 739 4629 =
810 4551 924 4701 leiendo
943 4598 1055 4648 carmine
1074 4610 1107 4647 rt
1126 4596 1153 4649 in
1180 4600 1234 4664 toi-
1281 4602 1368 4651 demin
1413 4602 1518 4653 'noina
1548 4603 1575 4654 in
1616 4605 1677 4656 stilo

867 4687 965 4740 narnia·
999 4685 1027 4718 θ’
1256 4738 1261 4773 Ι
1281 4703 1340 4743 κν
1350 4693 1365 4710 *
