4125 5217
181 2490 203 2520 v.
219 2488 256 2518 ser
265 2497 273 2508 ·
282 2488 320 2528 ssa

190 4281 212 4311 r.
228 4265 330 4318 tas-nne

825 395 858 445 u.
879 397 1066 448 sucourcuu
1089 398 1222 449 earum
1600 402 1662 474 ²45

382 656 473 719 durus
500 670 557 718 etc.
578 676 637 718 non
665 676 828 719 succurres.
849 656 900 721 sed
925 658 994 742 quid
1022 659 1144 724 retrahit
1165 676 1195 723 te
1216 662 1251 724 ad
1272 660 1342 736 hoc,
1363 663 1418 725 nisi
1440 662 1527 725 ardor
1547 665 1669 727 avaritie

383 769 414 817 et
432 756 496 817 sitis
516 754 697 839 inplacabilis
717 758 800 819 auri?
815 772 844 819 et
866 771 897 818 tu
920 760 1064 821 attonitus
1087 760 1179 821 instas
1208 761 1237 821 in
1264 760 1441 844 splendienti
1463 761 1585 825 cumulo
1605 766 1668 826 auri

385 869 414 917 et
440 857 496 918 iste
522 869 626 938 stupor
653 856 767 918 existo
789 872 906 918 tesauro
929 856 1023 919 reddit
1045 871 1074 920 te
1096 859 1258 941 stupidum.
1280 874 1310 921 et
1330 858 1399 923 hinc
1421 876 1466 923 est
1486 860 1598 925 oblivio
1619 876 1670 926 tue

384 955 477 1018 menti
498 968 528 1017 et
548 955 645 1017 anime
666 968 726 1032 tue,
752 953 864 1018 oblitio
885 970 929 1018 est
958 955 1020 1038 tibi.
1042 957 1094 1019 sed
1123 973 1154 1020 tu
1182 959 1225 1020 vis
1254 959 1329 1021 scire
1358 958 1447 1022 linem
1478 975 1574 1037 tunsa,
1602 964 1669 1047 quia

386 1051 519 1137 exempla
546 1051 644 1115 solent
671 1073 734 1116 esse
762 1074 890 1137 mangna
916 1056 1107 1118 incitamenta
1139 1055 1321 1119 hominibus.
1349 1078 1457 1140 ponam
1485 1059 1670 1144 exemplum:

386 1170 417 1217 et
437 1153 568 1239 loquitur
590 1152 628 1217 de
655 1155 761 1218 Crasso
787 1156 959 1218 avarissimo
987 1156 1049 1239 qui,
1077 1172 1213 1240 tempore
1240 1178 1301 1242 quo
1330 1161 1419 1222 Cesar
1440 1174 1503 1222 erat
1524 1161 1553 1223 in
1575 1161 1672 1244 gallia,

387 1256 494 1317 missus
508 1254 551 1322 ,ad
571 1271 685 1337 spartos
706 1253 859 1318 et··habuit
882 1277 898 1316 x
921 1254 1063 1340 legiones,
1077 1258 1162 1320 duxit
1183 1256 1277 1320 tilium
1293 1279 1379 1321 suum
1402 1274 1431 1322 et
1452 1260 1524 1322 dum
1539 1262 1673 1324 transivit

388 1373 440 1437 per
459 1352 625 1431 ierusalem,
647 1352 748 1416 videns
769 1355 825 1416 ista
847 1354 962 1431 localia,
983 1357 1147 1440 asportavit
1167 1357 1267 1418 omnia
1289 1371 1320 1420 et
1340 1355 1427 1441 lregit
1448 1357 1537 1420 fidem
1558 1360 1674 1444 spartis,

387 1456 457 1541 quia
477 1456 540 1539 ipse
561 1455 697 1517 transivit
717 1454 828 1517 flumen
849 1455 1009 1519 Eufratem.
1032 1457 1121 1519 Unde
1143 1477 1192 1519 rex
1214 1455 1389 1540 parthorum
1415 1459 1545 1521 occurrit
1572 1475 1675 1521 contra

356 1576 464 1620 *eum
478 1554 813 1619 concedamus-er
833 1556 942 1619 occidit
963 1555 1058 1620 lilium
1080 1572 1110 1620 et
1131 1573 1245 1641 patrem
1267 1572 1297 1619 et
1319 1558 1383 1620 eius
1402 1557 1687 1643 corpus-turmot·-

388 1672 485 1721 tatum
506 1658 582 1720 intra
602 1656 757 1719 civitatum
778 1676 927 1719 carrarum
956 1672 985 1719 et
1013 1656 1228 1741 liquefecerunt
1255 1677 1362 1719 aumm
1383 1672 1413 1719 et
1440 1658 1620 1742 proicierunt
1646 1661 1677 1722 in

390 1772 494 1843 guttur
513 1757 663 1822 dicentes:
695 1760 810 1819 Aumm
837 1757 935 1833 sitisti,
962 1777 1068 1820 aumm
1097 1756 1173 1819 bibe.
1201 1758 1268 1819 ideo
1296 1756 1387 1820 dicit:
1415 1777 1530 1820 crassus
1558 1772 1620 1820 erat
1647 1759 1677 1820 in

390 1859 513 1923 flumine
535 1878 668 1935 romano,
690 1873 790 1942 pastor
814 1877 931 1933 avarus,
952 1877 1041 1942 quem
1062 1856 1190 1920 oblitum
1212 1856 1317 1921 federis
1342 1858 1476 1919 incitavit
1503 1877 1589 1919 amor
1614 1860 1678 1921 auri

392 1959 515 2022 transire
542 1957 670 2021 confinia
691 1978 822 2020 romana.
852 1978 923 2042 ergo
950 1959 1006 2021 iste
1031 1972 1167 2020 mortuus
1195 1973 1240 2020 est
1267 1958 1344 2019 iuste
1371 1974 1402 2020 et
1428 1959 1567 2041 contagia
1593 1956 1679 2042 culpe

392 2073 512 2142 paterne
532 2071 700 2121 transerunt
726 2056 821 2120 filium
846 2057 883 2120 ad
909 2056 1037 2121 similem
1065 2072 1204 2135 mortem,
1226 2071 1256 2119 et
1277 2056 1438 2119 infaustum
1466 2077 1600 2141 gregem,
1626 2076 1678 2120 seu

391 2158 539 2228 infelicem
561 2158 713 2244 populum,
734 2173 886 2222 traxerunt
906 2157 1170 2221 innumerabilibus
1191 2159 1324 2242 sagiptis.
1339 2159 1363 2220 si
1378 2159 1433 2219 iste
1447 2177 1562 2220 crassus
1576 2155 1679 2221 inisset

393 2281 535 2346 umquam
563 2281 678 2324 memor
704 2259 771 2322 fidei
799 2275 829 2322 et
857 2261 902 2321 sui
928 2259 1053 2335 decoris,
1081 2257 1131 2322 ille
1158 2260 1260 2321 sitiens
1289 2259 1503 2340 temperantius
1534 2272 1681 2343 gustasset

394 2362 511 2426 divitias
533 2360 732 2425 babillonicas.
754 2362 864 2423 articus
886 2379 936 2423 res
958 2359 1032 2421 dixit
1053 2359 1119 2422 hec.

476 2464 573 2524 Malus
590 2470 671 2547 para:
692 2463 753 2524 Pan
775 2459 943 2544 Respondet
970 2474 1000 2521 et
1028 2461 1113 2542 ponit
1133 2456 1192 2522 tale
1220 2457 1391 2543 exemplum
1419 2459 1513 2521 artico
1541 2456 1578 2520 de
1605 2458 1681 2521 cirro

397 2581 466 2645 rege
495 2581 663 2645 persarum:
684 2561 740 2623 iste
767 2558 862 2621 voluit
890 2558 1028 2622 invadere
1055 2558 1193 2622 scithiam
1224 2560 1387 2643 regionem,
1409 2559 1530 2621 intravit
1550 2578 1623 2643 ergo
1650 2559 1679 2620 in

396 2661 494 2723 sithia.
516 2675 586 2722 tunc
609 2657 749 2744 regnabat
771 2680 828 2722 una
852 2662 961 2743 regina,
982 2680 1035 2721 seu
1056 2660 1181 2722 martiris.
1203 2658 1255 2722 illa
1278 2659 1359 2721 misit
1380 2656 1475 2720 filium
1500 2678 1588 2720 suum
1615 2677 1684 2720 cou-

398 2774 442 2823 tra
463 2761 704 2843 cirrum'regem‘,
733 2759 859 2823 breviter
880 2762 973 2823 cirrus
1001 2759 1085 2822 facile
1113 2758 1260 2822 comflisit
1287 2772 1317 2820 et
1344 2758 1449 2820 stravit
1476 2756 1561 2819 illnm
1589 2756 1683 2821 filium

399 2860 510 2943 regine,
531 2874 561 2922 et
581 2874 652 2922 tunc
675 2862 774 2943 regina
797 2874 892 2922 mater
912 2860 989 2923 illius
1011 2861 1122 2922 mortui
1143 2858 1291 2921 contraxit
1311 2858 1386 2919 uires
1400 2877 1469 2919 suas
1483 2871 1523 2933 et,
1538 2877 1599 2919 non
1616 2877 1684 2920 con·

400 2957 469 3021 fissa
490 2960 621 3042 potentia
642 2979 705 3037 sua,
727 2979 779 3021 usa
801 2974 845 3021 est
865 2958 980 3023 cautela
1002 2974 1033 3022 et
1052 2958 1184 3036 auxili03
1206 2978 1276 3020 nam
1297 2958 1359 3041 ipsa
1380 2971 1467 3019 caute
1490 2957 1612 3040 arripuit
1633 2956 1684 3018 fu-

400 3080 480 3144 gam.
501 3059 595 3123 cirrus
612 3074 787 3143 ’persecutus
808 3075 854 3122 est
875 3080 940 3122 eam
962 3075 991 3121 et
1012 3060 1081 3142 ipsa
1101 3059 1187 3120 duxit
1207 3077 1276 3119 eum
1297 3076 1358 3142 quo
1378 3053 1484 3131 soluit,
1506 3056 1536 3117 in
1557 3054 1684 3139 quadam

401 3157 478 3222 ualle
498 3160 576 3222 unde
597 3157 695 3221 nullus
716 3174 831 3243 poterat
845 3158 962 3243 iugere3
984 3158 1090 3221 deinde
1105 3157 1227 3221 retraxit
1240 3158 1336 3219 aciem
1350 3171 1380 3219 et
1394 3170 1554 3239 patuerunt
1571 3155 1684 3218 insidie.

403 3257 482 3321 unde
502 3258 630 3322 coniecit
651 3261 747 3342 ipsum
769 3274 799 3320 et
819 3258 965 3321 interiecit
986 3272 1016 3320 et
1036 3258 1196 3340 decapitari
1217 3255 1286 3319 fecit
1307 3270 1337 3318 et
1357 3256 1441 3317 micti
1461 3271 1551 3339 caput
1572 3256 1634 3318 eius
1655 3257 1685 3318 in

403 3379 465 3422 uno
485 3375 569 3422 utreo
591 3361 741 3443 sanguinis
763 3358 860 3443 pleno.
881 3360 948 3421 ideo
969 3358 1050 3421 dicit.
1065 3393 1085 3405 -
1101 3361 1162 3420 Pan
1176 3355 1295 3419 locutus
1310 3370 1354 3419 est
1369 3354 1455 3418 talia:
1470 3356 1495 3417 si
1510 3370 1555 3417 est
1569 3369 1685 3439 tempus

402 3458 472 3522 dare
492 3459 636 3543 exempla,
657 3458 782 3521 cmdelis
804 3459 897 3522 cirrus
919 3479 968 3520 rex
990 3478 1141 3541 persarum
1169 3456 1264 3519 firerat
1290 3458 1321 3518 in
1349 3455 1474 3517 fluvium
1502 3452 1686 3531 orientrllem

403 3560 451 3622 cui
473 3559 535 3643 regi
557 3557 694 3641 voluptas
714 3556 842 3621 orribilis
863 3557 1020 3621 delectatio
1036 3572 1114 3619 esset
1135 3558 1216 3620 sitire
1231 3555 1432 3618 inhumaniter
1445 3552 1512 3617 iuso
1534 3556 1685 3639 sanguine.

403 3657 454 3722 ille
473 3657 555 3721 seros
576 3658 738 3743 similisque
757 3657 811 3721 tibi
833 3659 906 3743 regi,
926 3657 997 3720 dum
1018 3657 1143 3741 despicit
1164 3656 1360 3719 incustoditos
1381 3674 1503 3737 campos
1525 3655 1626 3738 regine
1646 3669 1687 3716 ta·

404 3760 496 3835 miris,
517 3757 697 3820 transcendit
714 3756 841 3828 confinia
856 3758 964 3841 proprij
988 3759 1071 3841 regni
1086 3758 1148 3840 pari
1163 3755 1316 3819 ferocitate
1330 3775 1382 3816 sua
1397 3752 1569 3816 stimulante
1589 3754 1687 3837 ipsum

404 3872 434 3921 et
453 3857 511 3921 hoc
532 3857 603 3919 dum
624 3857 747 3940 despicit
768 3858 872 3940 ispatia
888 3858 933 3918 sui
957 3858 1049 3941 regni.
1065 3859 1123 3919 lste
1144 3855 1225 3918 dedit
1241 3853 1334 3917 hlium
1356 3854 1458 3937 regine
1479 3853 1579 3930 morti,
1594 3868 1688 3915 mater

404 3959 504 4041 regina
525 3957 611 4019 anxia
633 3972 662 4019 et
682 3959 751 4020 iecit
772 3972 869 4019 totum
890 3956 1034 4020 dolorem.
1054 3972 1086 4019 at
1108 3970 1209 4039 pastor
1231 3954 1330 4017 furens
1358 3954 1452 4016 cirrus
1480 3954 1606 4016 moritur
1626 3954 1687 4015 ictu

404 4058 481 4119 ensis
502 4055 662 4119 muliebris.
684 4058 740 4119 iste
760 4077 819 4119 non
842 4055 914 4119 bibit
935 4043 1040 4118 aurum
1062 4054 1162 4140 gelato
1182 4075 1234 4117 ore
1255 4052 1306 4117 sed
1324 4053 1500 4137 sanguinem
1522 4054 1689 4136 etsangui·

404 4177 472 4219 nem
493 4155 684 4242 congelatum
705 4171 735 4220 et
756 4177 892 4220 cruorem
914 4172 1063 4241 tepentem
1085 4155 1123 4219 de
1144 4155 1224 4219 cede.

485 4258 582 4340 Ergo:
603 4256 773 4340 Respondet
798 4258 928 4334 Asticus,
948 4257 1065 4320 dicens:
1088 4271 1268 4340 temptemus
1289 4275 1370 4318 amia
1397 4252 1546 4328 audacter,
1570 4252 1688 4337 qnando

405 4377 507 4419 sumus
528 4376 612 4441 pares
633 4354 776 4440 exemplis
792 4372 821 4419 et
843 4356 962 4420 verbera
977 4356 1138 4420 succedant
1158 4354 1265 4418 verbis.
1288 4370 1316 4418 et
1337 4354 1409 4417 dicit
1430 4354 1558 4415 articus:
1581 4351 1689 4415 lasiane
1739 4394 1741 4399 -

404 4456 474 4543 quid
496 4457 655 4541 proderunt
678 4456 750 4519 tibi?
771 4477 829 4540 que
856 4455 964 4520 iasiane
985 4457 1171 4520 habitantia
1192 4455 1278 4519 culco
1299 4453 1402 4517 insula.
1426 4468 1455 4516 et
1476 4453 1638 4536 ing'menta
1660 4468 1689 4514 et

404 4558 503 4621 omnia
525 4557 706 4620 irritamenta
728 4558 838 4619 ventris
860 4558 903 4620 tui
924 4558 993 4642 quid
1015 4557 1198 4641 proderunt?
1220 4570 1248 4618 et
1270 4554 1413 4618 echinnus
1428 4555 1515 4639 piscis
1530 4554 1688 4616 uehemens

404 4659 490 4736 idest,
517 4658 601 4722 sortis
627 4657 802 4741 senapedalis
832 4656 1034 4743 sapidissimus
1054 4659 1125 4742 quid
1147 4656 1276 4741 proderit
1298 4653 1372 4718 tibi?
1392 4671 1422 4718 et
1444 4653 1566 4718 rumbus
1591 4654 1689 4718 inhers

405 4762 493 4846 piscis
513 4775 543 4822 et
562 4759 657 4822 aurati
678 4760 771 4841 pisces
791 4758 861 4842 quid
882 4758 1063 4843 proderunt?
1077 4759 1127 4843 qui
1150 4758 1243 4842 pisces
1258 4771 1328 4820 sunt
1341 4757 1437 4841 ornatj
1459 4757 1600 4841 squamis,
1614 4777 1689 4838 quos
