4125 5217
834 401 866 450 tt
888 401 1076 450 sucoucuu
1099 401 1230 450 catuna
1608 402 1668 470 199

389 519 1669 552 ...ΨΑ-’.Μ

388 679 418 727 et
438 661 727 747 septentrionalibus,
748 683 802 746 pro
824 676 857 724 ut
877 659 926 724 hic
948 661 1068 724 inferius
1096 678 1186 745 patet.
1209 665 1245 725 lit
1268 662 1386 725 iuvabat
1415 678 1546 747 spectare
1574 665 1669 751 longus

386 765 519 848 strepitus
540 782 646 832 rerum,
660 764 710 846 qui
725 760 793 843 (seu
808 763 946 844 strepitus
968 782 1019 823 seu
1041 761 1208 837 bominum,
1223 777 1253 824 et
1268 762 1487 826 multitudinem
1511 786 1606 827 rerunt
1630 787 1671 829 ra·

389 862 522 948 ptarunt)
537 861 693 924 vestiebant
714 881 782 924 cunt
805 861 1031 943 triumphatore,
1046 863 1122 923 sient
1137 878 1199 924 erat
1213 883 1330 939 aurum,
1346 883 1435 945 gacca
1451 880 1479 927 et
1494 863 1549 927 alie
1570 867 1670 929 divitie

390 963 516 1025 inimicis
539 976 647 1045 erepte.
662 969 855 1045 pompasque
870 960 1031 1044 frtunatus,
1053 981 1104 1022 seu
1127 961 1257 1024 bostium
1279 964 1619 1045 captivoru1n3buc,seu
1642 968 1671 1028 in

389 1062 447 1125 ltoc
469 1060 536 1124 loco
558 1059 695 1123 videlicet
715 1061 745 1121 in
766 1058 917 1142 capitolio.
938 1080 1077 1128 ·uuruut‚
1093 1068 1216 1144 creptum
1230 1061 1342 1145 gripbis
1356 1062 1521 1134 custodibus,
1535 1063 1571 1125 ub
1591 1067 1671 1150 iper-

388 1163 482 1247 pureis
512 1162 641 1245 peruenit
660 1162 690 1221 iu
713 1180 829 1243 irruguus
852 1179 925 1220 usus.
949 1158 1095 1241 lperburei
1129 1176 1198 1222 sunt
1229 1178 1346 1223 montes
1371 1161 1491 1238 sitltitie,
1511 1184 1569 1247 que
1591 1156 1671 1248 regin

391 1275 435 1324 est
456 1262 535 1323 intus
556 1259 718 1322 danubium
740 1274 770 1320 et
789 1277 946 1334 oceanum,
968 1260 997 1319 in
1029 1258 1248 1341 septentrionali
1272 1264 1359 1344 plaga
1389 1282 1447 1345 que
1468 1264 1607 1346 contigua
1628 1282 1672 1327 est

391 1361 631 1446 germanieque
653 1360 804 1442 pun-incia
826 1374 871 1420 est
891 1360 972 1421 dives
995 1358 1190 1442 pipulttrun13
1205 1360 1234 1420 iu
1256 1359 1363 1444 quibus
1385 1363 1541 1444 prouinciis
1564 1366 1672 1429 multas

391 1460 529 1523 victorias
550 1458 718 1522 habuerunt
748 1473 778 1519 et
807 1459 959 1541 sepissime
987 1459 1099 1540 ingenti
1127 1459 1249 1521 victoria
1281 1457 1495 1541 triumphantes
1527 1462 1672 1525 redierunt

391 1557 491 1640 multis
512 1558 614 1641 spoliis
635 1573 665 1620 et
686 1579 769 1620 auro.
784 1578 853 1619 cunt
868 1557 958 1621 dicit:
982 1584 997 1615 e
1009 1558 1122 1642 gripbis
1142 1557 1300 1620 custodibus
1321 1565 1444 1642 ereptum
1457 1586 1472 1617 s
1488 1558 1565 1621 santa
1578 1576 1623 1623 est
1643 1562 1672 1623 in

389 1659 479 1721 sititia
501 1656 620 1742 griphes
641 1656 774 1719 habitare
795 1673 824 1718 et
846 1673 962 1718 ninntes
984 1677 1090 1718 aurunt
1111 1656 1276 1732 custodire;
1292 1657 1366 1719 idest
1384 1658 1463 1741 quod
1486 1658 1534 1721 hic
1554 1675 1673 1722 secutus

390 1773 436 1821 est
456 1757 543 1820 lanta.
557 1792 568 1805 ·
581 1757 643 1829 buc,
657 1757 733 1818 idest
748 1757 778 1819 in
799 1757 856 1818 isto
877 1755 955 1831 locu,
975 1756 1079 1840 precius
1100 1757 1157 1818 asic
1171 1756 1267 1818 atriden
1281 1756 1376 1818 bellua
1393 1756 1466 1828 tulit,
1482 1757 1556 1820 idest
1569 1759 1674 1821 cantel-

391 1857 447 1933 lus,
467 1859 536 1942 quia
558 1858 588 1919 in
619 1856 697 1918 india
728 1855 843 1939 carrielli
868 1871 1039 1932 nascuntur,
1061 1857 1123 1917 sive
1154 1856 1185 1916 in
1205 1858 1286 1933 asia;
1318 1854 1425 1943 bellua,
1445 1856 1522 1932 dico,
1542 1859 1674 1942 squalida

391 1956 510 2020 intonui
532 1971 628 2039 tergo,
648 1956 717 2039 quia
739 1957 801 2039 ipse
821 1954 963 2018 camellus
985 1954 1105 2038 gibosus
1127 1970 1171 2018 est
1192 1971 1223 2019 et
1242 1955 1392 2035 delonnis.
1407 1992 1417 2004 -
1431 1977 1499 2029 utus
1520 1978 1587 2023 rt‘tt
1609 1978 1674 2021 ttts

392 2077 445 2129 utu
466 2076 602 2120 onustos
624 2076 693 2119 aum
716 2076 752 2119 et·
781 2075 876 2119 etune
904 2076 996 2119 uuxtr
1025 2076 1064 2118 ex
1093 2076 1158 2119 asta
1185 2076 1339 2119 caseatos
1367 2076 1428 2120 sou
1456 2076 1593 2135 tec0t03
1619 2078 1675 2121 sto

393 2177 481 2220 tutan
504 2175 635 2219 assumas
657 2175 805 2229 toutsas,
826 2175 886 2218 cust
908 2175 1026 2218 veneno
1058 2176 1098 2218 an
1119 2176 1208 2232 usas,
1239 2176 1404 2233 teretrum
1434 2157 1485 2218 sed
1515 2155 1589 2219 bene
1613 2159 1675 2220 scio

391 2254 471 2340 quod
493 2254 586 2337 patria
607 2254 706 2337 siyria,
727 2255 832 2336 persia,
854 2254 961 2326 media,
983 2255 1209 2339 mesopotamia,
1230 2254 1373 2338 palestina
1401 2270 1430 2317 et
1457 2257 1597 2331 armenia,
1617 2277 1675 2341 que

394 2354 545 2436 provincie
565 2355 594 2415 in
616 2353 675 2414 asia
697 2369 776 2429 sunt,
797 2375 813 2416 a
837 2356 967 2416 romanis
987 2370 1124 2437 superate
1145 2354 1273 2418 suerunt.
1295 2356 1361 2440 quis
1383 2375 1521 2417 rontanus
1551 2353 1606 2418 fuit
1625 2353 1675 2417 ille

392 2456 498 2529 uictor,
513 2475 572 2515 non
590 2453 698 2516 recolo.
712 2489 723 2501 -
738 2475 846 2537 quoquc
860 2475 928 2537 pro:
944 2456 1044 2516 etiam.
1062 2489 1072 2502 ·
1090 2462 1115 2516 et
1129 2455 1191 2531 buc,
1212 2456 1297 2530 idest,
1312 2456 1342 2517 in
1356 2454 1435 2518 hunc
1456 2454 1565 2532 locum,
1580 2456 1675 2517 iudico

393 2552 487 2616 bellun
508 2554 574 2615 tulit
594 2561 731 2615 itiittnutes
752 2561 844 2615 turres
851 2574 863 2626 ,·
878 2555 951 2616 idest
966 2553 1105 2616 elefantes
1119 2556 1170 2639 qui
1185 2555 1215 2617 in
1230 2554 1309 2617 india
1324 2557 1496 2638 gignuntur,
1512 2557 1675 2617 maximum

394 2652 503 2716 animal
525 2668 554 2715 et
576 2652 659 2730 sorte,
682 2673 770 2736 supet
789 2652 869 2737 quod
891 2669 985 2714 turres
1006 2651 1203 2717 hedificantur
1223 2670 1324 2737 aperte
1344 2654 1380 2715 ad
1402 2675 1552 2737 pungnam
1573 2672 1675 2717 contra

394 2754 501 2816 hostes.
516 2755 582 2838 quis
597 2754 651 2815 ltus
667 2752 836 2837 elephantes
851 2754 880 2813 in
895 2753 975 2814 italia
990 2769 1093 2816 contra
1110 2774 1247 2816 rouranos
1261 2753 1347 2815 duxit
1360 2756 1480 2830 nesci03
1495 2753 1558 2829 fuit,
1573 2753 1677 2838 (prout

394 2852 498 2936 credo)
523 2850 631 2929 anibal,
653 2856 715 2917 Res
737 2851 847 2928 affrice,
869 2868 899 2915 et
919 2854 1025 2935 pirrus,
1048 2854 1242 2936 etpirotarum
1265 2874 1325 2915 rex.
1346 2887 1357 2899 -
1378 2852 1457 2937 quid,
1481 2853 1556 2916 idest
1576 2852 1678 2915 moriar

394 2967 434 3027 te,
445 2952 521 3015 idest
531 2952 677 3028 differant,
691 2952 901 3034 distinguendo
916 2972 968 3036 per
982 2968 1079 3037 partes
1094 2972 1128 3014 ea
1141 2973 1200 3037 que
1214 2954 1244 3015 in
1258 2953 1338 3015 hunc
1352 2951 1453 3014 locum
1467 2967 1582 3035 portata
1596 2952 1677 3014 luere

394 3054 423 3114 in
440 3051 547 3115 breve?
560 3087 570 3099 ·
585 3051 655 3135 quid
669 3050 739 3136 quid
752 3071 857 3123 ttctuus,
873 3050 948 3113 idest
962 3066 1044 3113 extra
1059 3072 1101 3127 se,
1113 3052 1190 3129 tulit,
1205 3050 1330 3136 uttdique
1337 3052 1442 3135 pressis
1453 3049 1591 3123 uberibus,
1603 3051 1677 3114 idest

393 3153 490 3214 victus
512 3166 542 3213 et
562 3149 704 3233 spoliatus
725 3149 762 3213 ab
782 3151 854 3234 ipsis
876 3152 1015 3227 romanis,
1037 3159 1076 3213 cst
1096 3157 1228 3223 caucium,
1250 3151 1326 3213 idest
1346 3151 1518 3213 coniuctunt
1539 3165 1569 3212 et
1597 3171 1678 3233 repo

393 3253 486 3313 situm
504 3253 535 3313 in
556 3249 613 3313 hoc
635 3265 747 3312 monte.
761 3285 771 3297 ·
785 3249 839 3322 bic,
853 3250 929 3312 idest
942 3250 999 3313 ltoc
1019 3266 1132 3328 monte,
1147 3252 1214 3333 iusti
1230 3265 1328 3334 patres
1349 3241 1459 3325 sederi,
1477 3247 1551 3311 idest
1565 3252 1676 3332 antiqui

394 3366 556 3427 senatores,
577 3349 714 3412 consules
729 3365 759 3412 et
774 3348 975 3427 dictatores3·
996 3349 1041 3411 bic
1061 3351 1130 3411 uiua
1152 3352 1290 3421 iuuentus,
1311 3369 1364 3411 seu
1386 3350 1495 3411 tirones
1516 3364 1546 3410 et
1569 3348 1677 3411 milites

395 3452 509 3513 romani
530 3449 634 3534 probj;
655 3484 666 3497 ·
687 3451 743 3512 Hic
769 3458 841 3512 caste
869 3472 961 3513 uiuus
988 3466 1017 3512 et
1045 3450 1254 3512 honestissime
1282 3448 1420 3512 mulieres
1448 3469 1569 3512 romane
1596 3469 1627 3511 se
1650 3451 1677 3509 in

319 3551 322 3558 '
394 3550 452 3614 hoc
473 3549 541 3613 loco
561 3549 753 3613 delectavere.
768 3584 778 3596 ·
793 3552 825 3612 ln
846 3549 894 3612 boc
917 3557 1000 3612 aratro
1022 3551 1166 3612 struximus
1184 3557 1292 3634 pastor,
1314 3549 1389 3611 idest
1410 3548 1500 3612 lulius
1521 3550 1611 3612 Cesar
1632 3569 1678 3633 pe-

396 3651 444 3733 rijt
462 3649 584 3731 insidiis.
600 3648 639 3711 ibi
661 3649 781 3711 inferior
801 3648 857 3711 sub
878 3651 942 3733 ipso
963 3665 1066 3711 monte
1088 3648 1274 3732 estquidam
1294 3648 1378 3711 locus
1400 3662 1530 3709 secretus
1550 3662 1580 3709 et
1600 3667 1678 3710 con-

395 3747 502 3812 sularis
522 3764 552 3810 et
573 3764 764 3811 contestatus
786 3770 869 3811 more
900 3769 1035 3823 caverne,
1057 3750 1087 3811 in
1117 3769 1178 3833 quo
1209 3749 1278 3811 loco
1310 3746 1480 3810 interiectus
1511 3763 1555 3808 est
1575 3748 1677 3822 Cesar,

394 3869 464 3911 cum
484 3846 574 3910 vellet
595 3847 759 3910 consulere.
773 3883 784 3895 -
800 3850 857 3910 Nec
870 3848 968 3932 pulcer
990 3848 1090 3911 ttdout's
1111 3846 1260 3933 vulnificos
1281 3845 1611 3931 enasituprus:1³abuta
1632 3862 1676 3908 est

395 3949 543 4010 Venerem
564 3947 700 4010 ardenter
720 3968 835 4009 amasse
849 3949 985 4022 adonem,
1001 3948 1197 4033 pulcerimum
1220 3949 1358 4010 iuvenem
1373 3961 1402 4009 et
1417 3948 1579 4008 maximum
1594 3965 1679 4007 sena·

395 4062 501 4125 torem,
522 4048 712 4131 quisemper
731 4050 760 4109 in
781 4047 863 4110 silvis
884 4048 1020 4111 assiduus
1044 4064 1147 4111 contra
1179 4048 1280 4111 leones
1311 4062 1341 4110 et
1370 4067 1457 4129 aprus
1489 4044 1679 4120 morabatur;

396 4149 457 4231 ipsa
478 4167 550 4209 vero
578 4149 692 4225 Venus,
719 4149 872 4231 sepissime
901 4150 1019 4210 terroris
1048 4146 1133 4233 plena
1160 4146 1201 4211 ob
1228 4150 1366 4210 timorem
1395 4147 1519 4221 iuvenis,
1540 4145 1582 4207 ne'
1604 4146 1679 4206 inter

395 4245 470 4310 ieras
490 4239 609 4331 periret,
631 4269 700 4310 eum
722 4247 876 4310 admonuit
898 4269 935 4310 ne
956 4264 1059 4311 contra
1080 4269 1167 4332 apros
1196 4264 1225 4309 et
1245 4246 1346 4310 leones
1374 4248 1403 4309 in
1432 4248 1586 4308 venatione
1615 4245 1678 4316 iret,

395 4350 453 4431 qui,
468 4347 625 4430 periculosi
653 4362 747 4422 erant,
769 4348 819 4410 sed
851 4364 953 4411 contra
985 4349 1138 4423 dracones,
1160 4368 1262 4433 capras
1290 4363 1319 4410 et
1350 4366 1453 4409 certos
1473 4348 1523 4427 qui
1545 4344 1679 4405 houtines

395 4446 563 4531 fugiebant3
585 4449 614 4510 in
635 4447 694 4511 fine
709 4447 748 4510 nil
765 4448 858 4511 valuit
879 4449 1053 4524 admonitio,
1068 4450 1138 4532 quin
1154 4450 1216 4531 ipse
1229 4448 1333 4510 adonis
1346 4469 1363 4508 a
1377 4445 1505 4530 quodam
1527 4444 1587 4506 fero
1608 4464 1680 4527 apro

366 4552 369 4556 ’
398 4547 569 4610 interiectus
590 4564 644 4611 est.
666 4548 742 4611 hanc
764 4547 893 4611 fabulam
916 4552 1012 4633 tangit
1033 4566 1129 4623 autor,
1152 4548 1265 4632 tingens
1286 4548 1344 4610 hoc
1366 4562 1485 4631 propter
1511 4545 1615 4609 iulium
1636 4568 1681 4608 ce·

396 4667 504 4724 sarem,
524 4668 613 4732 quem
637 4664 723 4710 sucat
745 4648 891 4725 adonenr;
914 4653 964 4733 qui
987 4648 1164 4732 predilectus
1186 4648 1242 4711 luit
1262 4670 1282 4709 a
1303 4668 1433 4718 seuere,
1446 4648 1524 4725 usius
1545 4645 1590 4699 ue
1604 4646 1708 4710 sisse-2

396 4762 460 4811 erat
484 4767 565 4827 enee,
597 4748 648 4835 qui
675 4746 754 4813 lilius
786 4752 865 4815 seris
893 4749 1047 4841 [senensi
1072 4753 1184 4816 matris
1214 4771 1236 4813 a
1262 4746 1395 4831 eissille
1424 4743 1534 4802 dietus
1561 4745 1627 4790 ess.
1642 4737 1743 4796 sum*
