<?xml version="1.0" encoding="UTF-8"?>
<!DOCTYPE html PUBLIC "-//W3C//DTD XHTML 1.0 Transitional//EN"
    "http://www.w3.org/TR/xhtml1/DTD/xhtml1-transitional.dtd">
<html xmlns="http://www.w3.org/1999/xhtml" xml:lang="en" lang="en">
 <head>
  <title>
</title>
<meta http-equiv="Content-Type" content="text/html;charset=utf-8" />
  <meta name='ocr-system' content='tesseract 3.04.00' />
  <meta name='ocr-capabilities' content='ocr_page ocr_carea ocr_par ocr_line ocrx_word'/>
</head>
<body>
  <div class='ocr_page' id='page_1' title='image "./ilbucolicumcarm00avengoog_0208.png"; bbox 0 0 4125 5217; ppageno 0'>
   <div class='ocr_carea' id='block_1_1' title="bbox 363 345 1149 419">
    <p class='ocr_par' dir='ltr' id='par_1_1' title="bbox 363 345 1149 419">
     <span class='ocr_line' id='line_1_1' title="bbox 363 345 1149 419; baseline -0.01 -20"><span class='ocrx_word' id='word_1_1' title='bbox 363 350 429 400; x_wconf 82' lang='lat' dir='ltr'>zon</span> <span class='ocrx_word' id='word_1_2' title='bbox 764 412 768 419; x_wconf 16' lang='grc' dir='ltr'><strong>Δ</strong></span> <span class='ocrx_word' id='word_1_3' title='bbox 869 345 1020 394; x_wconf 80' lang='lat' dir='ltr'>aurosro</span> <span class='ocrx_word' id='word_1_4' title='bbox 1043 346 1149 393; x_wconf 74' lang='lat' dir='ltr'>svesa</span> 
     </span>
    </p>
   </div>
   <div class='ocr_carea' id='block_1_2' title="bbox 365 457 1654 494">
    <p class='ocr_par' dir='ltr' id='par_1_2' title="bbox 365 457 1654 494">
     <span class='ocr_line' id='line_1_2' title="bbox 365 457 1654 494; baseline -0.003 -2"><span class='ocrx_word' id='word_1_5' title='bbox 365 483 466 494; x_wconf 89' lang='grc'><em>,.......</em></span> <span class='ocrx_word' id='word_1_6' title='bbox 477 485 483 490; x_wconf 95' lang='grc'>.</span> <span class='ocrx_word' id='word_1_7' title='bbox 494 457 1654 492; x_wconf 64' lang='grc'>........-....--..-----------4---.-</span> 
     </span>
    </p>
   </div>
   <div class='ocr_carea' id='block_1_3' title="bbox 318 593 1703 4766">
    <p class='ocr_par' dir='ltr' id='par_1_3' title="bbox 318 593 1703 4766">
     <span class='ocr_line' id='line_1_3' title="bbox 367 593 1657 693; baseline -0.005 -21"><span class='ocrx_word' id='word_1_8' title='bbox 367 626 453 673; x_wconf 85' lang='lat' dir='ltr'>socat</span> <span class='ocrx_word' id='word_1_9' title='bbox 477 612 556 693; x_wconf 80' lang='lat' dir='ltr'>ipsos</span> <span class='ocrx_word' id='word_1_10' title='bbox 579 609 753 689; x_wconf 79' lang='lat' dir='ltr'>proditores,</span> <span class='ocrx_word' id='word_1_11' title='bbox 769 593 820 669; x_wconf 86' lang='lat' dir='ltr'>seu</span> <span class='ocrx_word' id='word_1_12' title='bbox 837 606 956 668; x_wconf 91' lang='lat' dir='ltr'>brutum</span> <span class='ocrx_word' id='word_1_13' title='bbox 979 621 1008 667; x_wconf 93' lang='lat' dir='ltr'>et</span> <span class='ocrx_word' id='word_1_14' title='bbox 1030 607 1172 677; x_wconf 87' lang='lat' dir='ltr'>cassium,</span> <span class='ocrx_word' id='word_1_15' title='bbox 1186 606 1253 687; x_wconf 78' lang='lat' dir='ltr'>quia</span> <span class='ocrx_word' id='word_1_16' title='bbox 1269 625 1336 666; x_wconf 93' lang='lat' dir='ltr'>emn</span> <span class='ocrx_word' id='word_1_17' title='bbox 1354 605 1571 668; x_wconf 76' lang='lat' dir='ltr'>interfecerunt.</span> <span class='ocrx_word' id='word_1_18' title='bbox 1586 641 1595 653; x_wconf 94' lang='lat'><strong>·</strong></span> <span class='ocrx_word' id='word_1_19' title='bbox 1608 606 1657 668; x_wconf 81' lang='lat' dir='ltr'>sni</span> 
     </span>
     <span class='ocr_line' id='line_1_4' title="bbox 366 702 1655 789; baseline -0.003 -19"><span class='ocrx_word' id='word_1_20' title='bbox 366 712 469 777; x_wconf 66' lang='lat' dir='ltr'>tras-rin,</span> <span class='ocrx_word' id='word_1_21' title='bbox 492 730 544 769; x_wconf 88' lang='lat' dir='ltr'>seu</span> <span class='ocrx_word' id='word_1_22' title='bbox 568 707 645 778; x_wconf 81' lang='lat' dir='ltr'>lleta,</span> <span class='ocrx_word' id='word_1_23' title='bbox 667 706 783 789; x_wconf 66' lang='lat' dir='ltr'>lippum</span> <span class='ocrx_word' id='word_1_24' title='bbox 805 707 878 769; x_wconf 88' lang='lat' dir='ltr'>idest</span> <span class='ocrx_word' id='word_1_25' title='bbox 900 706 936 767; x_wconf 85' lang='lat' dir='ltr'>de</span> <span class='ocrx_word' id='word_1_26' title='bbox 951 705 996 766; x_wconf 87' lang='lat' dir='ltr'>ltis</span> <span class='ocrx_word' id='word_1_27' title='bbox 1019 702 1110 765; x_wconf 90' lang='lat' dir='ltr'>modo</span> <span class='ocrx_word' id='word_1_28' title='bbox 1132 703 1311 786; x_wconf 87' lang='lat' dir='ltr'>loquendum</span> <span class='ocrx_word' id='word_1_29' title='bbox 1327 726 1386 765; x_wconf 93' lang='lat' dir='ltr'>non</span> <span class='ocrx_word' id='word_1_30' title='bbox 1408 721 1462 766; x_wconf 88' lang='lat' dir='ltr'>est.</span> <span class='ocrx_word' id='word_1_31' title='bbox 1483 740 1493 752; x_wconf 96' lang='lat'>·</span> <span class='ocrx_word' id='word_1_32' title='bbox 1515 705 1563 767; x_wconf 73' lang='lat' dir='ltr'>linc</span> <span class='ocrx_word' id='word_1_33' title='bbox 1583 707 1655 789; x_wconf 85' lang='lat' dir='ltr'>ipnu·</span> 
     </span>
     <span class='ocr_line' id='line_1_5' title="bbox 331 803 1657 892; baseline -0.006 -20"><span class='ocrx_word' id='word_1_34' title='bbox 331 805 335 814; x_wconf 74' lang='grc'><strong>’</strong></span> <span class='ocrx_word' id='word_1_35' title='bbox 367 817 405 871; x_wconf 81' lang='lat' dir='ltr'>rs!</span> <span class='ocrx_word' id='word_1_36' title='bbox 422 809 507 892; x_wconf 27' lang='lat' dir='ltr'>,iratur</span> <span class='ocrx_word' id='word_1_37' title='bbox 528 807 592 868; x_wconf 84' lang='lat' dir='ltr'>dms</span> <span class='ocrx_word' id='word_1_38' title='bbox 613 805 743 867; x_wconf 71' lang='lat' dir='ltr'>tultam·</span> <span class='ocrx_word' id='word_1_39' title='bbox 764 827 915 876; x_wconf 82' lang='lat' dir='ltr'>rnrrnm·n;</span> <span class='ocrx_word' id='word_1_40' title='bbox 938 826 1005 865; x_wconf 93' lang='lat' dir='ltr'>uam</span> <span class='ocrx_word' id='word_1_41' title='bbox 1040 805 1121 887; x_wconf 92' lang='lat' dir='ltr'>prius</span> <span class='ocrx_word' id='word_1_42' title='bbox 1153 824 1240 886; x_wconf 88' lang='lat' dir='ltr'>quam</span> <span class='ocrx_word' id='word_1_43' title='bbox 1276 825 1358 865; x_wconf 79' lang='lat' dir='ltr'>ntrna</span> <span class='ocrx_word' id='word_1_44' title='bbox 1390 820 1478 878; x_wconf 85' lang='lat' dir='ltr'>esset,</span> <span class='ocrx_word' id='word_1_45' title='bbox 1499 803 1546 866; x_wconf 85' lang='lat' dir='ltr'>bic</span> <span class='ocrx_word' id='word_1_46' title='bbox 1575 803 1657 866; x_wconf 85' lang='lat' dir='ltr'>locus</span> 
     </span>
     <span class='ocr_line' id='line_1_6' title="bbox 368 902 1658 986; baseline -0.005 -16"><span class='ocrx_word' id='word_1_47' title='bbox 368 904 545 970; x_wconf 70' lang='lat' dir='ltr'>venerabilis</span> <span class='ocrx_word' id='word_1_48' title='bbox 567 922 629 968; x_wconf 87' lang='lat' dir='ltr'>erat</span> <span class='ocrx_word' id='word_1_49' title='bbox 653 906 783 967; x_wconf 86' lang='lat' dir='ltr'>linitimis</span> <span class='ocrx_word' id='word_1_50' title='bbox 806 921 834 967; x_wconf 90' lang='lat' dir='ltr'>ct</span> <span class='ocrx_word' id='word_1_51' title='bbox 857 907 969 968; x_wconf 89' lang='lat' dir='ltr'>circum</span> <span class='ocrx_word' id='word_1_52' title='bbox 993 902 1178 965; x_wconf 83' lang='lat' dir='ltr'>attorantibus</span> <span class='ocrx_word' id='word_1_53' title='bbox 1201 905 1314 974; x_wconf 74' lang='lat' dir='ltr'>uicinis,</span> <span class='ocrx_word' id='word_1_54' title='bbox 1328 906 1379 986; x_wconf 86' lang='lat' dir='ltr'>qui</span> <span class='ocrx_word' id='word_1_55' title='bbox 1395 902 1434 966; x_wconf 95' lang='lat' dir='ltr'>ibi</span> <span class='ocrx_word' id='word_1_56' title='bbox 1455 904 1580 985; x_wconf 78' lang='lat' dir='ltr'>desuper</span> <span class='ocrx_word' id='word_1_57' title='bbox 1604 925 1658 964; x_wconf 84' lang='lat' dir='ltr'>res·</span> 
     </span>
     <span class='ocr_line' id='line_1_7' title="bbox 318 1001 1659 1091; baseline -0.005 -23"><span class='ocrx_word' id='word_1_58' title='bbox 318 1081 322 1086; x_wconf 16' lang='grc' dir='ltr'>ι</span> <span class='ocrx_word' id='word_1_59' title='bbox 368 1027 462 1091; x_wconf 88' lang='lat' dir='ltr'>ponsa</span> <span class='ocrx_word' id='word_1_60' title='bbox 477 1026 596 1067; x_wconf 89' lang='lat' dir='ltr'>ntorum</span> <span class='ocrx_word' id='word_1_61' title='bbox 618 1025 800 1087; x_wconf 75' lang='lat' dir='ltr'>paganorum</span> <span class='ocrx_word' id='word_1_62' title='bbox 818 1004 1002 1087; x_wconf 85' lang='lat' dir='ltr'>petebantur.</span> <span class='ocrx_word' id='word_1_63' title='bbox 1019 1038 1028 1050; x_wconf 91' lang='lat'><em>-</em></span> <span class='ocrx_word' id='word_1_64' title='bbox 1045 1001 1094 1062; x_wconf 77' lang='lat' dir='ltr'>lun·</span> <span class='ocrx_word' id='word_1_65' title='bbox 1108 1002 1201 1085; x_wconf 80' lang='lat' dir='ltr'>nrprnl</span> <span class='ocrx_word' id='word_1_66' title='bbox 1215 1009 1252 1064; x_wconf 83' lang='lat' dir='ltr'>esi</span> <span class='ocrx_word' id='word_1_67' title='bbox 1267 1022 1423 1072; x_wconf 72' lang='lat' dir='ltr'>mmmmm,</span> <span class='ocrx_word' id='word_1_68' title='bbox 1439 1002 1512 1063; x_wconf 88' lang='lat' dir='ltr'>idest</span> <span class='ocrx_word' id='word_1_69' title='bbox 1526 1004 1659 1062; x_wconf 94' lang='lat' dir='ltr'>onmium</span> 
     </span>
     <span class='ocr_line' id='line_1_8' title="bbox 369 1099 1659 1186; baseline -0.004 -20"><span class='ocrx_word' id='word_1_70' title='bbox 369 1106 470 1185; x_wconf 81' lang='lat' dir='ltr'>mundi</span> <span class='ocrx_word' id='word_1_71' title='bbox 494 1107 661 1174; x_wconf 70' lang='lat' dir='ltr'>civitatum,</span> <span class='ocrx_word' id='word_1_72' title='bbox 683 1124 751 1164; x_wconf 91' lang='lat' dir='ltr'>cum</span> <span class='ocrx_word' id='word_1_73' title='bbox 773 1102 882 1165; x_wconf 90' lang='lat' dir='ltr'>dicitur</span> <span class='ocrx_word' id='word_1_74' title='bbox 904 1122 985 1163; x_wconf 90' lang='lat' dir='ltr'>roma</span> <span class='ocrx_word' id='word_1_75' title='bbox 1008 1116 1098 1183; x_wconf 86' lang='lat' dir='ltr'>caput</span> <span class='ocrx_word' id='word_1_76' title='bbox 1122 1100 1263 1182; x_wconf 78' lang='lat' dir='ltr'>mundi.-</span> <span class='ocrx_word' id='word_1_77' title='bbox 1292 1102 1338 1162; x_wconf 71' lang='lat' dir='ltr'>lnt‘</span> <span class='ocrx_word' id='word_1_78' title='bbox 1359 1100 1423 1186; x_wconf 74' lang='lat' dir='ltr'>fuit</span> <span class='ocrx_word' id='word_1_79' title='bbox 1443 1099 1539 1184; x_wconf 79' lang='lat' dir='ltr'>atriipiu</span> <span class='ocrx_word' id='word_1_80' title='bbox 1560 1099 1659 1161; x_wconf 67' lang='lat' dir='ltr'>«inritus</span> 
     </span>
     <span class='ocr_line' id='line_1_9' title="bbox 370 1199 1659 1284; baseline -0.005 -17"><span class='ocrx_word' id='word_1_81' title='bbox 370 1205 494 1267; x_wconf 68' lang='lat' dir='ltr'>intinniit·</span> <span class='ocrx_word' id='word_1_82' title='bbox 516 1205 601 1277; x_wconf 76' lang='lat' dir='ltr'>iocis,</span> <span class='ocrx_word' id='word_1_83' title='bbox 617 1203 690 1265; x_wconf 90' lang='lat' dir='ltr'>idest</span> <span class='ocrx_word' id='word_1_84' title='bbox 712 1201 809 1265; x_wconf 88' lang='lat' dir='ltr'>ieretri</span> <span class='ocrx_word' id='word_1_85' title='bbox 833 1203 916 1264; x_wconf 83' lang='lat' dir='ltr'>ioris.</span> <span class='ocrx_word' id='word_1_86' title='bbox 940 1204 1017 1264; x_wconf 75' lang='lat' dir='ltr'>Nam</span> <span class='ocrx_word' id='word_1_87' title='bbox 1041 1200 1079 1281; x_wconf 84' lang='lat' dir='ltr'>ibj</span> <span class='ocrx_word' id='word_1_88' title='bbox 1103 1202 1230 1284; x_wconf 90' lang='lat' dir='ltr'>primunt</span> <span class='ocrx_word' id='word_1_89' title='bbox 1247 1202 1304 1261; x_wconf 88' lang='lat' dir='ltr'>imi</span> <span class='ocrx_word' id='word_1_90' title='bbox 1327 1200 1471 1283; x_wconf 90' lang='lat' dir='ltr'>templum</span> <span class='ocrx_word' id='word_1_91' title='bbox 1493 1199 1659 1263; x_wconf 83' lang='lat' dir='ltr'>edificatum</span> 
     </span>
     <span class='ocr_line' id='line_1_10' title="bbox 371 1296 1660 1384; baseline -0.005 -19"><span class='ocrx_word' id='word_1_92' title='bbox 371 1319 400 1365; x_wconf 95' lang='lat' dir='ltr'>et</span> <span class='ocrx_word' id='word_1_93' title='bbox 421 1301 557 1364; x_wconf 86' lang='lat' dir='ltr'>habitum</span> <span class='ocrx_word' id='word_1_94' title='bbox 591 1303 620 1363; x_wconf 91' lang='lat' dir='ltr'>in</span> <span class='ocrx_word' id='word_1_95' title='bbox 653 1322 759 1384; x_wconf 78' lang='lat' dir='ltr'>magna</span> <span class='ocrx_word' id='word_1_96' title='bbox 792 1302 991 1363; x_wconf 68' lang='lat' dir='ltr'>veneratione.</span> <span class='ocrx_word' id='word_1_97' title='bbox 1014 1302 1163 1361; x_wconf 72' lang='lat' dir='ltr'>:lotorem</span> <span class='ocrx_word' id='word_1_98' title='bbox 1196 1299 1283 1361; x_wconf 90' lang='lat' dir='ltr'>buius</span> <span class='ocrx_word' id='word_1_99' title='bbox 1315 1296 1404 1362; x_wconf 89' lang='lat' dir='ltr'>inisse</span> <span class='ocrx_word' id='word_1_100' title='bbox 1436 1299 1524 1361; x_wconf 88' lang='lat' dir='ltr'>credo</span> <span class='ocrx_word' id='word_1_101' title='bbox 1554 1318 1660 1361; x_wconf 88' lang='lat' dir='ltr'>ancum</span> 
     </span>
     <span class='ocr_line' id='line_1_11' title="bbox 372 1396 1662 1483; baseline -0.002 -22"><span class='ocrx_word' id='word_1_102' title='bbox 372 1402 528 1476; x_wconf 88' lang='lat' dir='ltr'>marcium,</span> <span class='ocrx_word' id='word_1_103' title='bbox 551 1420 643 1461; x_wconf 91' lang='lat' dir='ltr'>unum</span> <span class='ocrx_word' id='word_1_104' title='bbox 666 1421 700 1461; x_wconf 83' lang='lat' dir='ltr'>es</span> <span class='ocrx_word' id='word_1_105' title='bbox 727 1416 839 1483; x_wconf 80' lang='lat' dir='ltr'>septem</span> <span class='ocrx_word' id='word_1_106' title='bbox 873 1398 992 1481; x_wconf 73' lang='lat' dir='ltr'>regibus</span> <span class='ocrx_word' id='word_1_107' title='bbox 1026 1418 1227 1460; x_wconf 90' lang='lat' dir='ltr'>romanorum.</span> <span class='ocrx_word' id='word_1_108' title='bbox 1248 1432 1258 1446; x_wconf 93' lang='lat'><strong>·</strong></span> <span class='ocrx_word' id='word_1_109' title='bbox 1279 1397 1333 1474; x_wconf 83' lang='lat' dir='ltr'>ln&#39;s,</span> <span class='ocrx_word' id='word_1_110' title='bbox 1355 1397 1429 1460; x_wconf 86' lang='lat' dir='ltr'>idest</span> <span class='ocrx_word' id='word_1_111' title='bbox 1452 1400 1480 1459; x_wconf 95' lang='lat' dir='ltr'>iu</span> <span class='ocrx_word' id='word_1_112' title='bbox 1507 1398 1563 1460; x_wconf 84' lang='lat' dir='ltr'>linc</span> <span class='ocrx_word' id='word_1_113' title='bbox 1585 1396 1662 1473; x_wconf 90' lang='lat' dir='ltr'>loco,</span> 
     </span>
     <span class='ocr_line' id='line_1_12' title="bbox 372 1496 1662 1589; baseline -0.003 -27"><span class='ocrx_word' id='word_1_114' title='bbox 372 1501 480 1570; x_wconf 73' lang='lat' dir='ltr'>burun,</span> <span class='ocrx_word' id='word_1_115' title='bbox 502 1499 652 1584; x_wconf 79' lang='lat' dir='ltr'>corripiessu</span> <span class='ocrx_word' id='word_1_116' title='bbox 674 1520 754 1561; x_wconf 60' lang='lat' dir='ltr'>stiunt</span> <span class='ocrx_word' id='word_1_117' title='bbox 778 1507 885 1567; x_wconf 80' lang='lat' dir='ltr'>nnmm.</span> <span class='ocrx_word' id='word_1_118' title='bbox 908 1501 1018 1584; x_wconf 70' lang='lat' dir='ltr'>cigneio,</span> <span class='ocrx_word' id='word_1_119' title='bbox 1042 1499 1117 1560; x_wconf 89' lang='lat' dir='ltr'>idest</span> <span class='ocrx_word' id='word_1_120' title='bbox 1139 1499 1269 1589; x_wconf 74' lang='lat' dir='ltr'>cognita,</span> <span class='ocrx_word' id='word_1_121' title='bbox 1285 1497 1428 1587; x_wconf 73' lang='lat' dir='ltr'>scililoquc</span> <span class='ocrx_word' id='word_1_122' title='bbox 1444 1496 1537 1560; x_wconf 78' lang='lat' dir='ltr'>sibilie</span> <span class='ocrx_word' id='word_1_123' title='bbox 1556 1506 1662 1584; x_wconf 72' lang='lat' dir='ltr'>ostenso</span> 
     </span>
     <span class='ocr_line' id='line_1_13' title="bbox 372 1596 1662 1683; baseline -0.002 -23"><span class='ocrx_word' id='word_1_124' title='bbox 372 1607 411 1662; x_wconf 67' lang='grc' dir='ltr'>ιιι</span> <span class='ocrx_word' id='word_1_125' title='bbox 424 1597 542 1683; x_wconf 80' lang='lat' dir='ltr'>superbo</span> <span class='ocrx_word' id='word_1_126' title='bbox 556 1598 684 1682; x_wconf 74' lang='lat' dir='ltr'>pastori:</span> <span class='ocrx_word' id='word_1_127' title='bbox 700 1601 786 1661; x_wconf 71' lang='lat' dir='ltr'>laun</span> <span class='ocrx_word' id='word_1_128' title='bbox 802 1614 845 1661; x_wconf 88' lang='lat' dir='ltr'>est</span> <span class='ocrx_word' id='word_1_129' title='bbox 856 1602 857 1607; x_wconf 73' lang='grc'>’</span> <span class='ocrx_word' id='word_1_130' title='bbox 869 1614 1002 1682; x_wconf 90' lang='lat' dir='ltr'>tempore</span> <span class='ocrx_word' id='word_1_131' title='bbox 1017 1599 1135 1679; x_wconf 75' lang='lat' dir='ltr'>augusti</span> <span class='ocrx_word' id='word_1_132' title='bbox 1153 1598 1336 1680; x_wconf 85' lang='lat' dir='ltr'>imperatoris</span> <span class='ocrx_word' id='word_1_133' title='bbox 1356 1596 1495 1674; x_wconf 76' lang='lat' dir='ltr'>sibillam,</span> <span class='ocrx_word' id='word_1_134' title='bbox 1510 1597 1662 1659; x_wconf 91' lang='lat' dir='ltr'>mulierem</span> 
     </span>
     <span class='ocr_line' id='line_1_14' title="bbox 373 1696 1664 1782; baseline 0.001 -23"><span class='ocrx_word' id='word_1_135' title='bbox 373 1698 558 1780; x_wconf 77' lang='lat' dir='ltr'>iatilnquant,</span> <span class='ocrx_word' id='word_1_136' title='bbox 580 1698 654 1759; x_wconf 89' lang='lat' dir='ltr'>idest</span> <span class='ocrx_word' id='word_1_137' title='bbox 677 1696 773 1760; x_wconf 82' lang='lat' dir='ltr'>futura</span> <span class='ocrx_word' id='word_1_138' title='bbox 796 1700 1008 1782; x_wconf 88' lang='lat' dir='ltr'>predicentem‚</span> <span class='ocrx_word' id='word_1_139' title='bbox 1029 1698 1140 1759; x_wconf 88' lang='lat' dir='ltr'>disisse</span> <span class='ocrx_word' id='word_1_140' title='bbox 1161 1700 1313 1759; x_wconf 81' lang='lat' dir='ltr'>ottusinno</span> <span class='ocrx_word' id='word_1_141' title='bbox 1335 1718 1365 1759; x_wconf 94' lang='lat' dir='ltr'>se</span> <span class='ocrx_word' id='word_1_142' title='bbox 1387 1697 1463 1759; x_wconf 78' lang='lat' dir='ltr'>uelle</span> <span class='ocrx_word' id='word_1_143' title='bbox 1485 1696 1538 1759; x_wconf 90' lang='lat' dir='ltr'>sibi</span> <span class='ocrx_word' id='word_1_144' title='bbox 1559 1712 1664 1759; x_wconf 85' lang='lat' dir='ltr'>osten-</span> 
     </span>
     <span class='ocr_line' id='line_1_15' title="bbox 373 1796 1664 1880; baseline -0.003 -20"><span class='ocrx_word' id='word_1_145' title='bbox 373 1798 443 1860; x_wconf 83' lang='lat' dir='ltr'>dere</span> <span class='ocrx_word' id='word_1_146' title='bbox 465 1798 608 1860; x_wconf 88' lang='lat' dir='ltr'>maiorem</span> <span class='ocrx_word' id='word_1_147' title='bbox 641 1797 806 1870; x_wconf 87' lang='lat' dir='ltr'>domiuum,</span> <span class='ocrx_word' id='word_1_148' title='bbox 828 1818 916 1880; x_wconf 89' lang='lat' dir='ltr'>quam</span> <span class='ocrx_word' id='word_1_149' title='bbox 947 1799 1009 1880; x_wconf 88' lang='lat' dir='ltr'>ipse</span> <span class='ocrx_word' id='word_1_150' title='bbox 1038 1811 1132 1871; x_wconf 87' lang='lat' dir='ltr'>esset;</span> <span class='ocrx_word' id='word_1_151' title='bbox 1154 1811 1193 1870; x_wconf 85' lang='lat' dir='ltr'>et,</span> <span class='ocrx_word' id='word_1_152' title='bbox 1214 1812 1303 1878; x_wconf 90' lang='lat' dir='ltr'>capto</span> <span class='ocrx_word' id='word_1_153' title='bbox 1335 1816 1371 1858; x_wconf 92' lang='lat' dir='ltr'>en</span> <span class='ocrx_word' id='word_1_154' title='bbox 1397 1817 1487 1858; x_wconf 82' lang='lat' dir='ltr'>nuum</span> <span class='ocrx_word' id='word_1_155' title='bbox 1508 1797 1614 1870; x_wconf 87' lang='lat' dir='ltr'>destra,</span> <span class='ocrx_word' id='word_1_156' title='bbox 1636 1796 1664 1858; x_wconf 91' lang='lat' dir='ltr'>in</span> 
     </span>
     <span class='ocr_line' id='line_1_16' title="bbox 374 1894 1665 1979; baseline -0.001 -22"><span class='ocrx_word' id='word_1_157' title='bbox 374 1896 502 1979; x_wconf 88' lang='lat' dir='ltr'>quadam</span> <span class='ocrx_word' id='word_1_158' title='bbox 525 1915 609 1977; x_wconf 86' lang='lat' dir='ltr'>spera</span> <span class='ocrx_word' id='word_1_159' title='bbox 632 1894 701 1956; x_wconf 87' lang='lat' dir='ltr'>solis</span> <span class='ocrx_word' id='word_1_160' title='bbox 725 1895 878 1958; x_wconf 72' lang='lat' dir='ltr'>visibiliter</span> <span class='ocrx_word' id='word_1_161' title='bbox 897 1896 1028 1957; x_wconf 82' lang='lat' dir='ltr'>ostendit</span> <span class='ocrx_word' id='word_1_162' title='bbox 1054 1898 1080 1957; x_wconf 91' lang='lat' dir='ltr'>ei</span> <span class='ocrx_word' id='word_1_163' title='bbox 1099 1897 1222 1957; x_wconf 89' lang='lat' dir='ltr'>cristum</span> <span class='ocrx_word' id='word_1_164' title='bbox 1248 1894 1403 1978; x_wconf 75' lang='lat' dir='ltr'>paruulum</span> <span class='ocrx_word' id='word_1_165' title='bbox 1427 1898 1454 1956; x_wconf 91' lang='lat' dir='ltr'>in</span> <span class='ocrx_word' id='word_1_166' title='bbox 1477 1897 1542 1956; x_wconf 89' lang='lat' dir='ltr'>sinu</span> <span class='ocrx_word' id='word_1_167' title='bbox 1564 1896 1665 1957; x_wconf 88' lang='lat' dir='ltr'>matris</span> 
     </span>
     <span class='ocr_line' id='line_1_17' title="bbox 376 1994 1666 2079; baseline -0.001 -23"><span class='ocrx_word' id='word_1_168' title='bbox 376 1996 509 2077; x_wconf 78' lang='lat' dir='ltr'>Virginis</span> <span class='ocrx_word' id='word_1_169' title='bbox 532 1996 623 2056; x_wconf 89' lang='lat' dir='ltr'>marie</span> <span class='ocrx_word' id='word_1_170' title='bbox 644 1996 694 2077; x_wconf 85' lang='lat' dir='ltr'>qui</span> <span class='ocrx_word' id='word_1_171' title='bbox 717 1994 773 2057; x_wconf 90' lang='lat' dir='ltr'>illis</span> <span class='ocrx_word' id='word_1_172' title='bbox 795 1996 898 2057; x_wconf 89' lang='lat' dir='ltr'>diebus</span> <span class='ocrx_word' id='word_1_173' title='bbox 922 2009 1009 2056; x_wconf 84' lang='lat' dir='ltr'>uatus</span> <span class='ocrx_word' id='word_1_174' title='bbox 1031 2011 1095 2056; x_wconf 90' lang='lat' dir='ltr'>erat</span> <span class='ocrx_word' id='word_1_175' title='bbox 1118 1996 1146 2056; x_wconf 91' lang='lat' dir='ltr'>in</span> <span class='ocrx_word' id='word_1_176' title='bbox 1170 1994 1293 2056; x_wconf 82' lang='lat' dir='ltr'>betelem</span> <span class='ocrx_word' id='word_1_177' title='bbox 1307 2018 1314 2070; x_wconf 91' lang='lat'>;</span> <span class='ocrx_word' id='word_1_178' title='bbox 1330 2011 1400 2056; x_wconf 90' lang='lat' dir='ltr'>tunc</span> <span class='ocrx_word' id='word_1_179' title='bbox 1417 1996 1478 2079; x_wconf 88' lang='lat' dir='ltr'>ipse</span> <span class='ocrx_word' id='word_1_180' title='bbox 1498 1996 1666 2057; x_wconf 75' lang='lat' dir='ltr'>ottavianus</span> 
     </span>
     <span class='ocr_line' id='line_1_18' title="bbox 376 2092 1666 2176; baseline -0.001 -21"><span class='ocrx_word' id='word_1_181' title='bbox 376 2106 533 2176; x_wconf 82' lang='lat' dir='ltr'>augustus,</span> <span class='ocrx_word' id='word_1_182' title='bbox 555 2094 728 2168; x_wconf 87' lang='lat' dir='ltr'>admiratus,</span> <span class='ocrx_word' id='word_1_183' title='bbox 761 2095 891 2156; x_wconf 89' lang='lat' dir='ltr'>creditur</span> <span class='ocrx_word' id='word_1_184' title='bbox 913 2115 981 2156; x_wconf 95' lang='lat' dir='ltr'>eum</span> <span class='ocrx_word' id='word_1_185' title='bbox 1004 2094 1144 2165; x_wconf 87' lang='lat' dir='ltr'>adorasse</span> <span class='ocrx_word' id='word_1_186' title='bbox 1174 2095 1307 2155; x_wconf 87' lang='lat' dir='ltr'>eristum.</span> <span class='ocrx_word' id='word_1_187' title='bbox 1330 2092 1441 2156; x_wconf 66' lang='lat' dir='ltr'>tabula</span> <span class='ocrx_word' id='word_1_188' title='bbox 1472 2110 1515 2155; x_wconf 87' lang='lat' dir='ltr'>est</span> <span class='ocrx_word' id='word_1_189' title='bbox 1537 2093 1666 2155; x_wconf 86' lang='lat' dir='ltr'>latonam</span> 
     </span>
     <span class='ocr_line' id='line_1_19' title="bbox 376 2192 1668 2277; baseline 0 -23"><span class='ocrx_word' id='word_1_190' title='bbox 376 2192 465 2254; x_wconf 85' lang='lat' dir='ltr'>inisse</span> <span class='ocrx_word' id='word_1_191' title='bbox 487 2209 613 2253; x_wconf 87' lang='lat' dir='ltr'>matrem</span> <span class='ocrx_word' id='word_1_192' title='bbox 636 2193 705 2254; x_wconf 88' lang='lat' dir='ltr'>solis</span> <span class='ocrx_word' id='word_1_193' title='bbox 728 2209 756 2255; x_wconf 89' lang='lat' dir='ltr'>et</span> <span class='ocrx_word' id='word_1_194' title='bbox 779 2193 857 2270; x_wconf 93' lang='lat' dir='ltr'>lune,</span> <span class='ocrx_word' id='word_1_195' title='bbox 873 2210 901 2255; x_wconf 92' lang='lat' dir='ltr'>et</span> <span class='ocrx_word' id='word_1_196' title='bbox 921 2210 1010 2256; x_wconf 78' lang='lat' dir='ltr'>sucat</span> <span class='ocrx_word' id='word_1_197' title='bbox 1025 2195 1181 2277; x_wconf 79' lang='lat' dir='ltr'>Virginem</span> <span class='ocrx_word' id='word_1_198' title='bbox 1204 2195 1324 2255; x_wconf 91' lang='lat' dir='ltr'>mariam</span> <span class='ocrx_word' id='word_1_199' title='bbox 1347 2192 1488 2266; x_wconf 85' lang='lat' dir='ltr'>latonam,</span> <span class='ocrx_word' id='word_1_200' title='bbox 1503 2215 1560 2276; x_wconf 79' lang='lat' dir='ltr'>que</span> <span class='ocrx_word' id='word_1_201' title='bbox 1575 2209 1668 2254; x_wconf 86' lang='lat' dir='ltr'>mater</span> 
     </span>
     <span class='ocr_line' id='line_1_20' title="bbox 376 2291 1668 2378; baseline 0.001 -26"><span class='ocrx_word' id='word_1_202' title='bbox 376 2294 470 2353; x_wconf 89' lang='lat' dir='ltr'>nostri</span> <span class='ocrx_word' id='word_1_203' title='bbox 492 2291 563 2354; x_wconf 86' lang='lat' dir='ltr'>solis</span> <span class='ocrx_word' id='word_1_204' title='bbox 585 2308 614 2354; x_wconf 88' lang='lat' dir='ltr'>et</span> <span class='ocrx_word' id='word_1_205' title='bbox 638 2293 798 2354; x_wconf 91' lang='lat' dir='ltr'>redentoris</span> <span class='ocrx_word' id='word_1_206' title='bbox 821 2309 874 2355; x_wconf 85' lang='lat' dir='ltr'>est.</span> <span class='ocrx_word' id='word_1_207' title='bbox 895 2328 905 2340; x_wconf 92' lang='lat'><strong>·</strong></span> <span class='ocrx_word' id='word_1_208' title='bbox 925 2303 998 2378; x_wconf 76' lang='lat' dir='ltr'>price</span> <span class='ocrx_word' id='word_1_209' title='bbox 1023 2293 1082 2360; x_wconf 80' lang='lat' dir='ltr'>itu,</span> <span class='ocrx_word' id='word_1_210' title='bbox 1111 2314 1163 2355; x_wconf 90' lang='lat' dir='ltr'>sen</span> <span class='ocrx_word' id='word_1_211' title='bbox 1192 2294 1290 2376; x_wconf 84' lang='lat' dir='ltr'>Scipio</span> <span class='ocrx_word' id='word_1_212' title='bbox 1312 2309 1340 2356; x_wconf 90' lang='lat' dir='ltr'>et</span> <span class='ocrx_word' id='word_1_213' title='bbox 1362 2294 1519 2356; x_wconf 79' lang='lat' dir='ltr'>affricanus</span> <span class='ocrx_word' id='word_1_214' title='bbox 1542 2313 1668 2375; x_wconf 71' lang='lat' dir='ltr'>magna-</span> 
     </span>
     <span class='ocr_line' id='line_1_21' title="bbox 377 2391 1668 2476; baseline 0.002 -24"><span class='ocrx_word' id='word_1_215' title='bbox 377 2393 486 2466; x_wconf 91' lang='lat' dir='ltr'>nimus,</span> <span class='ocrx_word' id='word_1_216' title='bbox 501 2407 586 2453; x_wconf 86' lang='lat' dir='ltr'>actus</span> <span class='ocrx_word' id='word_1_217' title='bbox 601 2391 719 2454; x_wconf 89' lang='lat' dir='ltr'>eburnis</span> <span class='ocrx_word' id='word_1_218' title='bbox 733 2393 913 2475; x_wconf 87' lang='lat' dir='ltr'>scipionibus</span> <span class='ocrx_word' id='word_1_219' title='bbox 926 2393 1016 2474; x_wconf 88' lang='lat' dir='ltr'>(idest</span> <span class='ocrx_word' id='word_1_220' title='bbox 1032 2396 1156 2476; x_wconf 82' lang='lat' dir='ltr'>sceptris</span> <span class='ocrx_word' id='word_1_221' title='bbox 1170 2393 1360 2476; x_wconf 81' lang='lat' dir='ltr'>scipionibus,</span> <span class='ocrx_word' id='word_1_222' title='bbox 1374 2393 1448 2454; x_wconf 89' lang='lat' dir='ltr'>idest</span> <span class='ocrx_word' id='word_1_223' title='bbox 1463 2394 1547 2455; x_wconf 87' lang='lat' dir='ltr'>solita</span> <span class='ocrx_word' id='word_1_224' title='bbox 1562 2396 1668 2455; x_wconf 81' lang='lat' dir='ltr'>sirtute</span> 
     </span>
     <span class='ocr_line' id='line_1_22' title="bbox 377 2492 1666 2576; baseline -0.001 -24"><span class='ocrx_word' id='word_1_225' title='bbox 377 2506 406 2552; x_wconf 88' lang='lat' dir='ltr'>et</span> <span class='ocrx_word' id='word_1_226' title='bbox 428 2492 583 2573; x_wconf 91' lang='lat' dir='ltr'>prudentia</span> <span class='ocrx_word' id='word_1_227' title='bbox 606 2494 771 2574; x_wconf 91' lang='lat' dir='ltr'>scipionum</span> <span class='ocrx_word' id='word_1_228' title='bbox 794 2496 969 2575; x_wconf 87' lang='lat' dir='ltr'>priscorum,</span> <span class='ocrx_word' id='word_1_229' title='bbox 991 2495 1042 2576; x_wconf 84' lang='lat' dir='ltr'>qui</span> <span class='ocrx_word' id='word_1_230' title='bbox 1067 2509 1136 2554; x_wconf 87' lang='lat' dir='ltr'>ante</span> <span class='ocrx_word' id='word_1_231' title='bbox 1164 2514 1231 2554; x_wconf 86' lang='lat' dir='ltr'>eum</span> <span class='ocrx_word' id='word_1_232' title='bbox 1253 2493 1471 2575; x_wconf 89' lang='lat' dir='ltr'>precesserant)</span> <span class='ocrx_word' id='word_1_233' title='bbox 1495 2494 1606 2555; x_wconf 84' lang='lat' dir='ltr'>rediens</span> <span class='ocrx_word' id='word_1_234' title='bbox 1632 2512 1666 2553; x_wconf 85' lang='lat' dir='ltr'>es</span> 
     </span>
     <span class='ocr_line' id='line_1_23' title="bbox 377 2587 1668 2673; baseline 0.002 -23"><span class='ocrx_word' id='word_1_235' title='bbox 377 2587 472 2652; x_wconf 87' lang='lat' dir='ltr'>libicis</span> <span class='ocrx_word' id='word_1_236' title='bbox 495 2590 628 2662; x_wconf 85' lang='lat' dir='ltr'>saltibus,</span> <span class='ocrx_word' id='word_1_237' title='bbox 645 2592 719 2652; x_wconf 90' lang='lat' dir='ltr'>idest</span> <span class='ocrx_word' id='word_1_238' title='bbox 738 2612 771 2653; x_wconf 84' lang='lat' dir='ltr'>es</span> <span class='ocrx_word' id='word_1_239' title='bbox 796 2592 927 2673; x_wconf 88' lang='lat' dir='ltr'>partibus</span> <span class='ocrx_word' id='word_1_240' title='bbox 950 2592 1080 2654; x_wconf 87' lang='lat' dir='ltr'>subactis</span> <span class='ocrx_word' id='word_1_241' title='bbox 1104 2592 1173 2653; x_wconf 90' lang='lat' dir='ltr'>libie</span> <span class='ocrx_word' id='word_1_242' title='bbox 1195 2608 1224 2653; x_wconf 91' lang='lat' dir='ltr'>ct</span> <span class='ocrx_word' id='word_1_243' title='bbox 1246 2593 1356 2664; x_wconf 74' lang='lat' dir='ltr'>atl&#39;rice,</span> <span class='ocrx_word' id='word_1_244' title='bbox 1378 2596 1475 2654; x_wconf 77' lang='lat' dir='ltr'>uictor</span> <span class='ocrx_word' id='word_1_245' title='bbox 1498 2594 1595 2653; x_wconf 75' lang='lat' dir='ltr'>recisit</span> <span class='ocrx_word' id='word_1_246' title='bbox 1617 2614 1668 2654; x_wconf 89' lang='lat' dir='ltr'>seu</span> 
     </span>
     <span class='ocr_line' id='line_1_24' title="bbox 378 2690 1703 2775; baseline 0.002 -26"><span class='ocrx_word' id='word_1_247' title='bbox 378 2690 432 2750; x_wconf 85' lang='lat' dir='ltr'>hec</span> <span class='ocrx_word' id='word_1_248' title='bbox 455 2691 534 2771; x_wconf 78' lang='lat' dir='ltr'>iuga,</span> <span class='ocrx_word' id='word_1_249' title='bbox 551 2710 602 2750; x_wconf 90' lang='lat' dir='ltr'>scu</span> <span class='ocrx_word' id='word_1_250' title='bbox 625 2690 844 2771; x_wconf 76' lang='lat' dir='ltr'>triumpbandm</span> <span class='ocrx_word' id='word_1_251' title='bbox 867 2692 941 2752; x_wconf 89' lang='lat' dir='ltr'>idest</span> <span class='ocrx_word' id='word_1_252' title='bbox 957 2694 995 2753; x_wconf 88' lang='lat' dir='ltr'>ita</span> <span class='ocrx_word' id='word_1_253' title='bbox 1012 2693 1101 2751; x_wconf 59' lang='lat' dir='ltr'>rra-ait</span> <span class='ocrx_word' id='word_1_254' title='bbox 1115 2692 1239 2773; x_wconf 67' lang='lat' dir='ltr'>jorlrruu</span> <span class='ocrx_word' id='word_1_255' title='bbox 1261 2693 1322 2762; x_wconf 85' lang='lat' dir='ltr'>lari,</span> <span class='ocrx_word' id='word_1_256' title='bbox 1346 2713 1413 2753; x_wconf 88' lang='lat' dir='ltr'>nant</span> <span class='ocrx_word' id='word_1_257' title='bbox 1437 2709 1556 2775; x_wconf 87' lang='lat' dir='ltr'>propter</span> <span class='ocrx_word' id='word_1_258' title='bbox 1577 2695 1668 2774; x_wconf 84' lang='lat' dir='ltr'>ipsam</span> <span class='ocrx_word' id='word_1_259' title='bbox 1692 2752 1703 2762; x_wconf 77' lang='grc'>,,</span> 
     </span>
     <span class='ocr_line' id='line_1_25' title="bbox 378 2788 1669 2873; baseline 0.002 -24"><span class='ocrx_word' id='word_1_260' title='bbox 378 2789 518 2870; x_wconf 88' lang='lat' dir='ltr'>scipionis</span> <span class='ocrx_word' id='word_1_261' title='bbox 541 2790 695 2849; x_wconf 67' lang='lat' dir='ltr'>victoriam</span> <span class='ocrx_word' id='word_1_262' title='bbox 720 2788 831 2851; x_wconf 89' lang='lat' dir='ltr'>Ultima</span> <span class='ocrx_word' id='word_1_263' title='bbox 854 2793 946 2853; x_wconf 72' lang='lat' dir='ltr'>crevit</span> <span class='ocrx_word' id='word_1_264' title='bbox 970 2811 1051 2851; x_wconf 81' lang='lat' dir='ltr'>mnia</span> <span class='ocrx_word' id='word_1_265' title='bbox 1075 2811 1109 2850; x_wconf 84' lang='lat' dir='ltr'>es</span> <span class='ocrx_word' id='word_1_266' title='bbox 1134 2793 1210 2852; x_wconf 90' lang='lat' dir='ltr'>imis.</span> <span class='ocrx_word' id='word_1_267' title='bbox 1231 2827 1242 2837; x_wconf 93' lang='lat'>-</span> <span class='ocrx_word' id='word_1_268' title='bbox 1262 2798 1311 2852; x_wconf 85' lang='lat' dir='ltr'>inu</span> <span class='ocrx_word' id='word_1_269' title='bbox 1332 2811 1422 2853; x_wconf 74' lang='lat' dir='ltr'>curru:</span> <span class='ocrx_word' id='word_1_270' title='bbox 1444 2791 1501 2852; x_wconf 89' lang='lat' dir='ltr'>boc</span> <span class='ocrx_word' id='word_1_271' title='bbox 1516 2791 1587 2852; x_wconf 89' lang='lat' dir='ltr'>dicit</span> <span class='ocrx_word' id='word_1_272' title='bbox 1602 2794 1669 2873; x_wconf 86' lang='lat' dir='ltr'>quia</span> 
     </span>
     <span class='ocr_line' id='line_1_26' title="bbox 378 2888 1669 2973; baseline 0.003 -25"><span class='ocrx_word' id='word_1_273' title='bbox 378 2889 441 2969; x_wconf 88' lang='lat' dir='ltr'>ipse</span> <span class='ocrx_word' id='word_1_274' title='bbox 461 2901 567 2948; x_wconf 88' lang='lat' dir='ltr'>auctor</span> <span class='ocrx_word' id='word_1_275' title='bbox 596 2891 756 2950; x_wconf 89' lang='lat' dir='ltr'>lranciscns</span> <span class='ocrx_word' id='word_1_276' title='bbox 787 2904 920 2972; x_wconf 89' lang='lat' dir='ltr'>petrnrea</span> <span class='ocrx_word' id='word_1_277' title='bbox 943 2891 971 2950; x_wconf 92' lang='lat' dir='ltr'>iu</span> <span class='ocrx_word' id='word_1_278' title='bbox 1003 2888 1134 2971; x_wconf 90' lang='lat' dir='ltr'>quodam</span> <span class='ocrx_word' id='word_1_279' title='bbox 1166 2911 1221 2951; x_wconf 89' lang='lat' dir='ltr'>suo</span> <span class='ocrx_word' id='word_1_280' title='bbox 1251 2910 1340 2973; x_wconf 88' lang='lat' dir='ltr'>opere</span> <span class='ocrx_word' id='word_1_281' title='bbox 1371 2892 1502 2952; x_wconf 81' lang='lat' dir='ltr'>maximo</span> <span class='ocrx_word' id='word_1_282' title='bbox 1531 2906 1560 2952; x_wconf 92' lang='lat' dir='ltr'>et</span> <span class='ocrx_word' id='word_1_283' title='bbox 1592 2910 1669 2973; x_wconf 88' lang='lat' dir='ltr'>poe-</span> 
     </span>
     <span class='ocr_line' id='line_1_27' title="bbox 378 2981 1669 3072; baseline 0.002 -25"><span class='ocrx_word' id='word_1_284' title='bbox 378 2987 450 3061; x_wconf 87' lang='lat' dir='ltr'>tico,</span> <span class='ocrx_word' id='word_1_285' title='bbox 471 2987 551 3069; x_wconf 89' lang='lat' dir='ltr'>qnod</span> <span class='ocrx_word' id='word_1_286' title='bbox 573 2987 741 3050; x_wconf 74' lang='lat' dir='ltr'>intitulatur</span> <span class='ocrx_word' id='word_1_287' title='bbox 761 2990 872 3062; x_wconf 81' lang='lat' dir='ltr'>mirica,</span> <span class='ocrx_word' id='word_1_288' title='bbox 893 2988 929 3049; x_wconf 93' lang='lat' dir='ltr'>de</span> <span class='ocrx_word' id='word_1_289' title='bbox 951 2990 1015 3070; x_wconf 87' lang='lat' dir='ltr'>ipso</span> <span class='ocrx_word' id='word_1_290' title='bbox 1044 2989 1187 3051; x_wconf 76' lang='lat' dir='ltr'>all‘ricano</span> <span class='ocrx_word' id='word_1_291' title='bbox 1209 2981 1301 3051; x_wconf 83' lang='lat' dir='ltr'>multa</span> <span class='ocrx_word' id='word_1_292' title='bbox 1323 2990 1455 3072; x_wconf 89' lang='lat' dir='ltr'>loquitur</span> <span class='ocrx_word' id='word_1_293' title='bbox 1476 3005 1506 3051; x_wconf 92' lang='lat' dir='ltr'>et</span> <span class='ocrx_word' id='word_1_294' title='bbox 1527 3010 1599 3065; x_wconf 51' lang='lat' dir='ltr'>euni,</span> <span class='ocrx_word' id='word_1_295' title='bbox 1617 3009 1669 3071; x_wconf 83' lang='lat' dir='ltr'>pro</span> 
     </span>
     <span class='ocr_line' id='line_1_28' title="bbox 379 3085 1671 3169; baseline 0.003 -23"><span class='ocrx_word' id='word_1_296' title='bbox 379 3085 497 3147; x_wconf 88' lang='lat' dir='ltr'>subieto</span> <span class='ocrx_word' id='word_1_297' title='bbox 525 3088 640 3169; x_wconf 89' lang='lat' dir='ltr'>accipit.</span> <span class='ocrx_word' id='word_1_298' title='bbox 665 3091 702 3150; x_wconf 84' lang='grc' dir='ltr'>Ει</span> <span class='ocrx_word' id='word_1_299' title='bbox 725 3088 789 3150; x_wconf 92' lang='lat' dir='ltr'>iden</span> <span class='ocrx_word' id='word_1_300' title='bbox 811 3090 901 3150; x_wconf 89' lang='lat' dir='ltr'>dicit:</span> <span class='ocrx_word' id='word_1_301' title='bbox 919 3113 934 3143; x_wconf 74' lang='lat' dir='ltr'>n</span> <span class='ocrx_word' id='word_1_302' title='bbox 947 3095 997 3149; x_wconf 79' lang='lat' dir='ltr'>itin</span> <span class='ocrx_word' id='word_1_303' title='bbox 1019 3109 1090 3149; x_wconf 80' lang='lat' dir='ltr'>carru</span> <span class='ocrx_word' id='word_1_304' title='bbox 1104 3114 1130 3149; x_wconf 70' lang='lat' dir='ltr'>a.</span> <span class='ocrx_word' id='word_1_305' title='bbox 1145 3125 1155 3135; x_wconf 93' lang='lat'>·</span> <span class='ocrx_word' id='word_1_306' title='bbox 1171 3097 1195 3150; x_wconf 85' lang='lat' dir='ltr'>el</span> <span class='ocrx_word' id='word_1_307' title='bbox 1214 3110 1304 3151; x_wconf 86' lang='lat' dir='ltr'>serum</span> <span class='ocrx_word' id='word_1_308' title='bbox 1325 3088 1487 3161; x_wconf 69' lang='lat' dir='ltr'>illusores,</span> <span class='ocrx_word' id='word_1_309' title='bbox 1510 3109 1560 3151; x_wconf 90' lang='lat' dir='ltr'>seu</span> <span class='ocrx_word' id='word_1_310' title='bbox 1583 3111 1671 3151; x_wconf 66' lang='lat' dir='ltr'>mam-</span> 
     </span>
     <span class='ocr_line' id='line_1_29' title="bbox 379 3184 1671 3272; baseline 0.003 -26"><span class='ocrx_word' id='word_1_311' title='bbox 379 3186 417 3247; x_wconf 87' lang='lat' dir='ltr'>sit</span> <span class='ocrx_word' id='word_1_312' title='bbox 440 3187 469 3245; x_wconf 92' lang='lat' dir='ltr'>in</span> <span class='ocrx_word' id='word_1_313' title='bbox 491 3184 548 3247; x_wconf 83' lang='lat' dir='ltr'>ltoc</span> <span class='ocrx_word' id='word_1_314' title='bbox 570 3185 648 3261; x_wconf 89' lang='lat' dir='ltr'>loco,</span> <span class='ocrx_word' id='word_1_315' title='bbox 671 3204 701 3248; x_wconf 93' lang='lat' dir='ltr'>ut</span> <span class='ocrx_word' id='word_1_316' title='bbox 724 3203 791 3248; x_wconf 89' lang='lat' dir='ltr'>cato</span> <span class='ocrx_word' id='word_1_317' title='bbox 823 3189 926 3248; x_wconf 90' lang='lat' dir='ltr'>maior.</span> <span class='ocrx_word' id='word_1_318' title='bbox 948 3195 1041 3272; x_wconf 83' lang='lat' dir='ltr'>-pasl</span> <span class='ocrx_word' id='word_1_319' title='bbox 1062 3194 1184 3272; x_wconf 75' lang='lat' dir='ltr'>tempore</span> <span class='ocrx_word' id='word_1_320' title='bbox 1216 3188 1301 3249; x_wconf 78' lang='lat' dir='ltr'>tittrlln</span> <span class='ocrx_word' id='word_1_321' title='bbox 1333 3208 1441 3250; x_wconf 76' lang='lat' dir='ltr'>uenere</span> <span class='ocrx_word' id='word_1_322' title='bbox 1467 3188 1515 3269; x_wconf 77' lang='lat' dir='ltr'>alii</span> <span class='ocrx_word' id='word_1_323' title='bbox 1546 3203 1671 3250; x_wconf 87' lang='lat' dir='ltr'>cantan-</span> 
     </span>
     <span class='ocr_line' id='line_1_30' title="bbox 381 3285 1672 3371; baseline 0.003 -26"><span class='ocrx_word' id='word_1_324' title='bbox 381 3299 436 3358; x_wconf 88' lang='lat' dir='ltr'>tes,</span> <span class='ocrx_word' id='word_1_325' title='bbox 468 3285 545 3345; x_wconf 86' lang='lat' dir='ltr'>idest</span> <span class='ocrx_word' id='word_1_326' title='bbox 577 3285 779 3362; x_wconf 80' lang='lat' dir='ltr'>triumiantes3</span> <span class='ocrx_word' id='word_1_327' title='bbox 811 3307 886 3370; x_wconf 87' lang='lat' dir='ltr'>quos</span> <span class='ocrx_word' id='word_1_328' title='bbox 919 3290 1078 3370; x_wconf 75' lang='lat' dir='ltr'>pumenius,</span> <span class='ocrx_word' id='word_1_329' title='bbox 1116 3288 1191 3349; x_wconf 89' lang='lat' dir='ltr'>idest</span> <span class='ocrx_word' id='word_1_330' title='bbox 1223 3286 1355 3369; x_wconf 76' lang='lat' dir='ltr'>virgilius</span> <span class='ocrx_word' id='word_1_331' title='bbox 1388 3305 1473 3363; x_wconf 88' lang='lat' dir='ltr'>tuns,</span> <span class='ocrx_word' id='word_1_332' title='bbox 1505 3290 1572 3371; x_wconf 87' lang='lat' dir='ltr'>quia</span> <span class='ocrx_word' id='word_1_333' title='bbox 1606 3290 1672 3349; x_wconf 87' lang='lat' dir='ltr'>esi-</span> 
     </span>
     <span class='ocr_line' id='line_1_31' title="bbox 381 3384 1671 3472; baseline 0.003 -28"><span class='ocrx_word' id='word_1_334' title='bbox 381 3384 459 3444; x_wconf 89' lang='lat' dir='ltr'>mius</span> <span class='ocrx_word' id='word_1_335' title='bbox 482 3400 580 3464; x_wconf 89' lang='lat' dir='ltr'>poeta,</span> <span class='ocrx_word' id='word_1_336' title='bbox 603 3384 725 3467; x_wconf 78' lang='lat' dir='ltr'>longum</span> <span class='ocrx_word' id='word_1_337' title='bbox 748 3402 792 3447; x_wconf 91' lang='lat' dir='ltr'>est</span> <span class='ocrx_word' id='word_1_338' title='bbox 813 3387 921 3460; x_wconf 88' lang='lat' dir='ltr'>dicere,</span> <span class='ocrx_word' id='word_1_339' title='bbox 944 3387 1017 3448; x_wconf 89' lang='lat' dir='ltr'>idest</span> <span class='ocrx_word' id='word_1_340' title='bbox 1041 3408 1117 3469; x_wconf 86' lang='lat' dir='ltr'>quos</span> <span class='ocrx_word' id='word_1_341' title='bbox 1139 3388 1235 3447; x_wconf 91' lang='lat' dir='ltr'>omnis</span> <span class='ocrx_word' id='word_1_342' title='bbox 1257 3388 1390 3470; x_wconf 74' lang='lat' dir='ltr'>virgilius</span> <span class='ocrx_word' id='word_1_343' title='bbox 1423 3389 1452 3450; x_wconf 92' lang='lat' dir='ltr'>in</span> <span class='ocrx_word' id='word_1_344' title='bbox 1485 3409 1538 3449; x_wconf 88' lang='lat' dir='ltr'>suo</span> <span class='ocrx_word' id='word_1_345' title='bbox 1561 3388 1671 3472; x_wconf 65' lang='lat' dir='ltr'>enepda</span> 
     </span>
     <span class='ocr_line' id='line_1_32' title="bbox 381 3481 1672 3569; baseline 0.003 -26"><span class='ocrx_word' id='word_1_346' title='bbox 381 3481 474 3563; x_wconf 83' lang='lat' dir='ltr'>longo</span> <span class='ocrx_word' id='word_1_347' title='bbox 496 3502 632 3543; x_wconf 85' lang='lat' dir='ltr'>sermone</span> <span class='ocrx_word' id='word_1_348' title='bbox 655 3485 778 3545; x_wconf 77' lang='lat' dir='ltr'>induxit.</span> <span class='ocrx_word' id='word_1_349' title='bbox 793 3520 803 3531; x_wconf 94' lang='lat'>·</span> <span class='ocrx_word' id='word_1_350' title='bbox 818 3485 989 3550; x_wconf 72' lang='lat' dir='ltr'>modulatim,</span> <span class='ocrx_word' id='word_1_351' title='bbox 1014 3486 1182 3566; x_wconf 85' lang='lat' dir='ltr'>partirenias</span> <span class='ocrx_word' id='word_1_352' title='bbox 1197 3507 1259 3559; x_wconf 88' lang='lat' dir='ltr'>scu,</span> <span class='ocrx_word' id='word_1_353' title='bbox 1275 3486 1396 3569; x_wconf 82' lang='lat' dir='ltr'>iripliris</span> <span class='ocrx_word' id='word_1_354' title='bbox 1418 3507 1522 3554; x_wconf 70' lang='lat' dir='ltr'>rituale:</span> <span class='ocrx_word' id='word_1_355' title='bbox 1536 3489 1604 3569; x_wconf 86' lang='lat' dir='ltr'>quia</span> <span class='ocrx_word' id='word_1_356' title='bbox 1625 3488 1672 3548; x_wconf 93' lang='lat' dir='ltr'>tri·</span> 
     </span>
     <span class='ocr_line' id='line_1_33' title="bbox 382 3579 1671 3669; baseline 0.005 -28"><span class='ocrx_word' id='word_1_357' title='bbox 382 3579 450 3663; x_wconf 88' lang='lat' dir='ltr'>plici</span> <span class='ocrx_word' id='word_1_358' title='bbox 466 3580 536 3642; x_wconf 91' lang='lat' dir='ltr'>stilo</span> <span class='ocrx_word' id='word_1_359' title='bbox 558 3584 683 3665; x_wconf 87' lang='lat' dir='ltr'>scripsit,</span> <span class='ocrx_word' id='word_1_360' title='bbox 700 3605 750 3644; x_wconf 90' lang='lat' dir='ltr'>seu</span> <span class='ocrx_word' id='word_1_361' title='bbox 768 3584 879 3659; x_wconf 84' lang='lat' dir='ltr'>intimo,</span> <span class='ocrx_word' id='word_1_362' title='bbox 899 3586 1041 3646; x_wconf 89' lang='lat' dir='ltr'>mediocri</span> <span class='ocrx_word' id='word_1_363' title='bbox 1058 3601 1087 3646; x_wconf 91' lang='lat' dir='ltr'>ct</span> <span class='ocrx_word' id='word_1_364' title='bbox 1103 3585 1238 3667; x_wconf 85' lang='lat' dir='ltr'>sublimj;</span> <span class='ocrx_word' id='word_1_365' title='bbox 1254 3586 1327 3647; x_wconf 92' lang='lat' dir='ltr'>idest</span> <span class='ocrx_word' id='word_1_366' title='bbox 1343 3585 1505 3661; x_wconf 79' lang='lat' dir='ltr'>buccolica,</span> <span class='ocrx_word' id='word_1_367' title='bbox 1522 3589 1671 3669; x_wconf 79' lang='lat' dir='ltr'>georgica,</span> 
     </span>
     <span class='ocr_line' id='line_1_34' title="bbox 382 3681 1673 3767; baseline 0.004 -26"><span class='ocrx_word' id='word_1_368' title='bbox 382 3681 537 3763; x_wconf 76' lang='lat' dir='ltr'>eneydnm.</span> <span class='ocrx_word' id='word_1_369' title='bbox 559 3714 569 3726; x_wconf 92' lang='lat'><strong>·</strong></span> <span class='ocrx_word' id='word_1_370' title='bbox 590 3682 718 3742; x_wconf 85' lang='lat' dir='ltr'>nunrilurs</span> <span class='ocrx_word' id='word_1_371' title='bbox 732 3682 788 3763; x_wconf 73' lang='lat' dir='ltr'>biis</span> <span class='ocrx_word' id='word_1_372' title='bbox 803 3683 899 3760; x_wconf 87' lang='lat' dir='ltr'>dictis,</span> <span class='ocrx_word' id='word_1_373' title='bbox 914 3685 992 3746; x_wconf 89' lang='lat' dir='ltr'>circa</span> <span class='ocrx_word' id='word_1_374' title='bbox 1016 3700 1150 3766; x_wconf 90' lang='lat' dir='ltr'>tempora</span> <span class='ocrx_word' id='word_1_375' title='bbox 1173 3706 1224 3745; x_wconf 89' lang='lat' dir='ltr'>seu</span> <span class='ocrx_word' id='word_1_376' title='bbox 1247 3687 1387 3767; x_wconf 85' lang='lat' dir='ltr'>ipsorum.</span> <span class='ocrx_word' id='word_1_377' title='bbox 1403 3720 1412 3731; x_wconf 91' lang='lat'>·</span> <span class='ocrx_word' id='word_1_378' title='bbox 1426 3685 1533 3767; x_wconf 76' lang='lat' dir='ltr'>froude</span> <span class='ocrx_word' id='word_1_379' title='bbox 1547 3684 1612 3746; x_wconf 81' lang='lat' dir='ltr'>benc</span> <span class='ocrx_word' id='word_1_380' title='bbox 1633 3687 1673 3746; x_wconf 79' lang='lat' dir='ltr'>ui·</span> 
     </span>
     <span class='ocr_line' id='line_1_35' title="bbox 381 3779 1671 3866; baseline 0.006 -28"><span class='ocrx_word' id='word_1_381' title='bbox 381 3779 451 3861; x_wconf 69' lang='lat' dir='ltr'>ruli,</span> <span class='ocrx_word' id='word_1_382' title='bbox 475 3779 559 3841; x_wconf 91' lang='lat' dir='ltr'>lauro</span> <span class='ocrx_word' id='word_1_383' title='bbox 581 3797 701 3864; x_wconf 90' lang='lat' dir='ltr'>propter</span> <span class='ocrx_word' id='word_1_384' title='bbox 721 3783 845 3844; x_wconf 72' lang='lat' dir='ltr'>sinnius</span> <span class='ocrx_word' id='word_1_385' title='bbox 868 3799 896 3845; x_wconf 89' lang='lat' dir='ltr'>et</span> <span class='ocrx_word' id='word_1_386' title='bbox 919 3786 1042 3866; x_wconf 89' lang='lat' dir='ltr'>imperia</span> <span class='ocrx_word' id='word_1_387' title='bbox 1065 3788 1194 3845; x_wconf 79' lang='lat' dir='ltr'>maxima</span> <span class='ocrx_word' id='word_1_388' title='bbox 1218 3786 1326 3846; x_wconf 78' lang='lat' dir='ltr'>virtute</span> <span class='ocrx_word' id='word_1_389' title='bbox 1347 3801 1440 3866; x_wconf 78' lang='lat' dir='ltr'>gesta.</span> <span class='ocrx_word' id='word_1_390' title='bbox 1461 3820 1472 3831; x_wconf 93' lang='lat'><strong>·</strong></span> <span class='ocrx_word' id='word_1_391' title='bbox 1494 3784 1546 3857; x_wconf 78' lang='lat' dir='ltr'>bic,</span> <span class='ocrx_word' id='word_1_392' title='bbox 1568 3806 1619 3847; x_wconf 91' lang='lat' dir='ltr'>sen</span> <span class='ocrx_word' id='word_1_393' title='bbox 1643 3787 1671 3846; x_wconf 92' lang='lat' dir='ltr'>in</span> 
     </span>
     <span class='ocr_line' id='line_1_36' title="bbox 382 3878 1672 3965; baseline 0.005 -26"><span class='ocrx_word' id='word_1_394' title='bbox 382 3880 439 3940; x_wconf 90' lang='lat' dir='ltr'>isto</span> <span class='ocrx_word' id='word_1_395' title='bbox 462 3878 539 3954; x_wconf 90' lang='lat' dir='ltr'>loco,</span> <span class='ocrx_word' id='word_1_396' title='bbox 562 3900 617 3963; x_wconf 79' lang='lat' dir='ltr'>ego</span> <span class='ocrx_word' id='word_1_397' title='bbox 640 3880 743 3942; x_wconf 79' lang='lat' dir='ltr'>inciam</span> <span class='ocrx_word' id='word_1_398' title='bbox 777 3882 827 3965; x_wconf 83' lang='lat' dir='ltr'>tibj</span> <span class='ocrx_word' id='word_1_399' title='bbox 862 3898 985 3961; x_wconf 71' lang='lat' dir='ltr'>sertum,</span> <span class='ocrx_word' id='word_1_400' title='bbox 1008 3884 1082 3945; x_wconf 87' lang='lat' dir='ltr'>idest</span> <span class='ocrx_word' id='word_1_401' title='bbox 1110 3882 1240 3945; x_wconf 86' lang='lat' dir='ltr'>lauream</span> <span class='ocrx_word' id='word_1_402' title='bbox 1263 3884 1349 3964; x_wconf 76' lang='lat' dir='ltr'>simili</span> <span class='ocrx_word' id='word_1_403' title='bbox 1374 3884 1476 3946; x_wconf 86' lang='lat' dir='ltr'>fronde</span> <span class='ocrx_word' id='word_1_404' title='bbox 1508 3886 1584 3946; x_wconf 89' lang='lat' dir='ltr'>sicut</span> <span class='ocrx_word' id='word_1_405' title='bbox 1616 3883 1672 3946; x_wconf 93' lang='lat' dir='ltr'>illis</span> 
     </span>
     <span class='ocr_line' id='line_1_37' title="bbox 381 3978 1673 4065; baseline 0.006 -27"><span class='ocrx_word' id='word_1_406' title='bbox 381 3980 485 4059; x_wconf 87' lang='lat' dir='ltr'>priscis</span> <span class='ocrx_word' id='word_1_407' title='bbox 509 3978 572 4040; x_wconf 88' lang='lat' dir='ltr'>ieci.</span> <span class='ocrx_word' id='word_1_408' title='bbox 594 4014 604 4025; x_wconf 93' lang='lat'><strong>·</strong></span> <span class='ocrx_word' id='word_1_409' title='bbox 626 4001 798 4063; x_wconf 82' lang='lat' dir='ltr'>qrnrmqrnmr</span> <span class='ocrx_word' id='word_1_410' title='bbox 815 4004 882 4064; x_wconf 88' lang='lat' dir='ltr'>pro:</span> <span class='ocrx_word' id='word_1_411' title='bbox 898 3986 1046 4065; x_wconf 82' lang='lat' dir='ltr'>quumis.</span> <span class='ocrx_word' id='word_1_412' title='bbox 1068 4019 1078 4029; x_wconf 94' lang='lat'>·</span> <span class='ocrx_word' id='word_1_413' title='bbox 1099 3980 1149 4044; x_wconf 88' lang='lat' dir='ltr'>snb</span> <span class='ocrx_word' id='word_1_414' title='bbox 1164 3983 1298 4044; x_wconf 81' lang='lat' dir='ltr'>dissimili</span> <span class='ocrx_word' id='word_1_415' title='bbox 1311 3985 1411 4051; x_wconf 82' lang='lat' dir='ltr'>sidere,</span> <span class='ocrx_word' id='word_1_416' title='bbox 1428 3983 1502 4045; x_wconf 88' lang='lat' dir='ltr'>idest</span> <span class='ocrx_word' id='word_1_417' title='bbox 1517 3983 1571 4044; x_wconf 88' lang='lat' dir='ltr'>sub</span> <span class='ocrx_word' id='word_1_418' title='bbox 1592 3984 1673 4046; x_wconf 88' lang='lat' dir='ltr'>dissi-</span> 
     </span>
     <span class='ocr_line' id='line_1_38' title="bbox 382 4077 1672 4165; baseline 0.005 -27"><span class='ocrx_word' id='word_1_419' title='bbox 382 4077 445 4138; x_wconf 92' lang='lat' dir='ltr'>mili</span> <span class='ocrx_word' id='word_1_420' title='bbox 468 4094 553 4139; x_wconf 89' lang='lat' dir='ltr'>etate.</span> <span class='ocrx_word' id='word_1_421' title='bbox 572 4081 648 4140; x_wconf 76' lang='lat' dir='ltr'>Nam</span> <span class='ocrx_word' id='word_1_422' title='bbox 664 4100 844 4163; x_wconf 85' lang='lat' dir='ltr'>quatnquam</span> <span class='ocrx_word' id='word_1_423' title='bbox 861 4081 908 4143; x_wconf 86' lang='lat' dir='ltr'>illa</span> <span class='ocrx_word' id='word_1_424' title='bbox 925 4086 1005 4164; x_wconf 88' lang='lat' dir='ltr'>prior</span> <span class='ocrx_word' id='word_1_425' title='bbox 1020 4099 1082 4143; x_wconf 89' lang='lat' dir='ltr'>etas</span> <span class='ocrx_word' id='word_1_426' title='bbox 1098 4082 1151 4143; x_wconf 84' lang='lat' dir='ltr'>luit</span> <span class='ocrx_word' id='word_1_427' title='bbox 1166 4085 1314 4144; x_wconf 88' lang='lat' dir='ltr'>actissima</span> <span class='ocrx_word' id='word_1_428' title='bbox 1330 4099 1358 4144; x_wconf 94' lang='lat' dir='ltr'>et</span> <span class='ocrx_word' id='word_1_429' title='bbox 1374 4084 1459 4165; x_wconf 93' lang='lat' dir='ltr'>plena</span> <span class='ocrx_word' id='word_1_430' title='bbox 1475 4082 1672 4145; x_wconf 83' lang='lat' dir='ltr'>lamentorum</span> 
     </span>
     <span class='ocr_line' id='line_1_39' title="bbox 382 4176 1673 4259; baseline 0.005 -23"><span class='ocrx_word' id='word_1_431' title='bbox 382 4176 493 4238; x_wconf 90' lang='lat' dir='ltr'>ducum</span> <span class='ocrx_word' id='word_1_432' title='bbox 517 4192 546 4237; x_wconf 92' lang='lat' dir='ltr'>et</span> <span class='ocrx_word' id='word_1_433' title='bbox 568 4195 734 4259; x_wconf 90' lang='lat' dir='ltr'>poetarum,</span> <span class='ocrx_word' id='word_1_434' title='bbox 756 4195 854 4243; x_wconf 90' lang='lat' dir='ltr'>tamen</span> <span class='ocrx_word' id='word_1_435' title='bbox 878 4182 925 4243; x_wconf 91' lang='lat' dir='ltr'>illa</span> <span class='ocrx_word' id='word_1_436' title='bbox 949 4198 992 4242; x_wconf 91' lang='lat' dir='ltr'>est</span> <span class='ocrx_word' id='word_1_437' title='bbox 1010 4203 1102 4243; x_wconf 82' lang='lat' dir='ltr'>sacnn</span> <span class='ocrx_word' id='word_1_438' title='bbox 1125 4183 1259 4243; x_wconf 84' lang='lat' dir='ltr'>oratuium</span> <span class='ocrx_word' id='word_1_439' title='bbox 1283 4181 1428 4244; x_wconf 88' lang='lat' dir='ltr'>bonorum</span> <span class='ocrx_word' id='word_1_440' title='bbox 1452 4185 1592 4254; x_wconf 80' lang='lat' dir='ltr'>tirorum,</span> <span class='ocrx_word' id='word_1_441' title='bbox 1608 4183 1673 4244; x_wconf 92' lang='lat' dir='ltr'>ideo</span> 
     </span>
     <span class='ocr_line' id='line_1_40' title="bbox 382 4275 1673 4366; baseline 0.006 -31"><span class='ocrx_word' id='word_1_442' title='bbox 382 4275 544 4338; x_wconf 88' lang='lat' dir='ltr'>dissimilis.</span> <span class='ocrx_word' id='word_1_443' title='bbox 566 4312 577 4323; x_wconf 93' lang='lat'><strong>·</strong></span> <span class='ocrx_word' id='word_1_444' title='bbox 599 4281 716 4361; x_wconf 73' lang='lat' dir='ltr'>porrige</span> <span class='ocrx_word' id='word_1_445' title='bbox 740 4301 853 4341; x_wconf 90' lang='lat' dir='ltr'>ramum</span> <span class='ocrx_word' id='word_1_446' title='bbox 876 4302 926 4342; x_wconf 89' lang='lat' dir='ltr'>seu</span> <span class='ocrx_word' id='word_1_447' title='bbox 950 4302 1040 4362; x_wconf 88' lang='lat' dir='ltr'>quem</span> <span class='ocrx_word' id='word_1_448' title='bbox 1073 4281 1194 4364; x_wconf 84' lang='lat' dir='ltr'>Caliope</span> <span class='ocrx_word' id='word_1_449' title='bbox 1227 4281 1278 4343; x_wconf 88' lang='lat' dir='ltr'>tibi</span> <span class='ocrx_word' id='word_1_450' title='bbox 1300 4283 1389 4358; x_wconf 90' lang='lat' dir='ltr'>dedit,</span> <span class='ocrx_word' id='word_1_451' title='bbox 1412 4284 1559 4366; x_wconf 77' lang='lat' dir='ltr'>regnatrix</span> <span class='ocrx_word' id='word_1_452' title='bbox 1581 4304 1673 4357; x_wconf 88' lang='lat' dir='ltr'>sacra,</span> 
     </span>
     <span class='ocr_line' id='line_1_41' title="bbox 383 4375 1673 4457; baseline 0.005 -22"><span class='ocrx_word' id='word_1_453' title='bbox 383 4396 435 4436; x_wconf 87' lang='lat' dir='ltr'>seu</span> <span class='ocrx_word' id='word_1_454' title='bbox 458 4375 582 4457; x_wconf 85' lang='lat' dir='ltr'>caliope,</span> <span class='ocrx_word' id='word_1_455' title='bbox 598 4377 675 4437; x_wconf 82' lang='lat' dir='ltr'>alane</span> <span class='ocrx_word' id='word_1_456' title='bbox 691 4379 819 4453; x_wconf 75' lang='lat' dir='ltr'>canabe,</span> <span class='ocrx_word' id='word_1_457' title='bbox 843 4381 917 4441; x_wconf 87' lang='lat' dir='ltr'>idest</span> <span class='ocrx_word' id='word_1_458' title='bbox 940 4382 1049 4442; x_wconf 85' lang='lat' dir='ltr'>rnomis</span> <span class='ocrx_word' id='word_1_459' title='bbox 1066 4380 1203 4452; x_wconf 87' lang='lat' dir='ltr'>eliconis;</span> <span class='ocrx_word' id='word_1_460' title='bbox 1219 4397 1248 4442; x_wconf 91' lang='lat' dir='ltr'>et</span> <span class='ocrx_word' id='word_1_461' title='bbox 1262 4380 1370 4442; x_wconf 84' lang='lat' dir='ltr'>habeas</span> <span class='ocrx_word' id='word_1_462' title='bbox 1385 4381 1442 4442; x_wconf 86' lang='lat' dir='ltr'>linc</span> <span class='ocrx_word' id='word_1_463' title='bbox 1465 4380 1673 4456; x_wconf 80' lang='lat' dir='ltr'>munustibi.·</span> 
     </span>
     <span class='ocr_line' id='line_1_42' title="bbox 384 4475 1672 4562; baseline 0.006 -31"><span class='ocrx_word' id='word_1_464' title='bbox 384 4482 521 4545; x_wconf 72' lang='lat' dir='ltr'>mulium,</span> <span class='ocrx_word' id='word_1_465' title='bbox 537 4475 617 4537; x_wconf 86' lang='lat' dir='ltr'>illins</span> <span class='ocrx_word' id='word_1_466' title='bbox 628 4497 636 4535; x_wconf 90' lang='grc'>.·</span> <span class='ocrx_word' id='word_1_467' title='bbox 649 4501 664 4532; x_wconf 80' lang='lat' dir='ltr'>a</span> <span class='ocrx_word' id='word_1_468' title='bbox 676 4485 801 4537; x_wconf 80' lang='lat' dir='ltr'>nnslnnu</span> <span class='ocrx_word' id='word_1_469' title='bbox 813 4503 826 4534; x_wconf 82' lang='lat' dir='ltr'>a</span> <span class='ocrx_word' id='word_1_470' title='bbox 840 4479 911 4540; x_wconf 89' lang='lat' dir='ltr'>dicit</span> <span class='ocrx_word' id='word_1_471' title='bbox 925 4495 1070 4561; x_wconf 82' lang='lat' dir='ltr'>qunntum</span> <span class='ocrx_word' id='word_1_472' title='bbox 1087 4479 1123 4541; x_wconf 84' lang='lat' dir='ltr'>nd</span> <span class='ocrx_word' id='word_1_473' title='bbox 1140 4481 1291 4550; x_wconf 85' lang='lat' dir='ltr'>teoricam,</span> <span class='ocrx_word' id='word_1_474' title='bbox 1306 4480 1409 4542; x_wconf 76' lang='lat' dir='ltr'>«illins</span> <span class='ocrx_word' id='word_1_475' title='bbox 1420 4506 1434 4537; x_wconf 76' lang='lat' dir='ltr'>s</span> <span class='ocrx_word' id='word_1_476' title='bbox 1447 4481 1519 4541; x_wconf 92' lang='lat' dir='ltr'>dicit</span> <span class='ocrx_word' id='word_1_477' title='bbox 1530 4497 1672 4562; x_wconf 88' lang='lat' dir='ltr'>quantum</span> 
     </span>
     <span class='ocr_line' id='line_1_43' title="bbox 384 4572 1673 4662; baseline 0.005 -31"><span class='ocrx_word' id='word_1_478' title='bbox 384 4593 434 4632; x_wconf 91' lang='lat' dir='ltr'>seu</span> <span class='ocrx_word' id='word_1_479' title='bbox 457 4572 572 4656; x_wconf 87' lang='lat' dir='ltr'>caliope</span> <span class='ocrx_word' id='word_1_480' title='bbox 593 4575 628 4635; x_wconf 87' lang='lat' dir='ltr'>ad</span> <span class='ocrx_word' id='word_1_481' title='bbox 651 4578 804 4658; x_wconf 74' lang='lat' dir='ltr'>punicam,</span> <span class='ocrx_word' id='word_1_482' title='bbox 826 4580 892 4659; x_wconf 84' lang='lat' dir='ltr'>quin</span> <span class='ocrx_word' id='word_1_483' title='bbox 917 4580 978 4659; x_wconf 86' lang='lat' dir='ltr'>ipse</span> <span class='ocrx_word' id='word_1_484' title='bbox 1001 4580 1057 4638; x_wconf 90' lang='lat' dir='ltr'>iam</span> <span class='ocrx_word' id='word_1_485' title='bbox 1082 4595 1143 4639; x_wconf 86' lang='lat' dir='ltr'>erat</span> <span class='ocrx_word' id='word_1_486' title='bbox 1167 4580 1337 4640; x_wconf 82' lang='lat' dir='ltr'>scienti-nus</span> <span class='ocrx_word' id='word_1_487' title='bbox 1353 4596 1380 4640; x_wconf 91' lang='lat' dir='ltr'>et</span> <span class='ocrx_word' id='word_1_488' title='bbox 1403 4581 1543 4662; x_wconf 87' lang='lat' dir='ltr'>praticus,</span> <span class='ocrx_word' id='word_1_489' title='bbox 1559 4594 1587 4640; x_wconf 88' lang='lat' dir='ltr'>et</span> <span class='ocrx_word' id='word_1_490' title='bbox 1608 4577 1673 4640; x_wconf 93' lang='lat' dir='ltr'>inde</span> 
     </span>
     <span class='ocr_line' id='line_1_44' title="bbox 364 4678 1672 4766; baseline 0.005 -32"><span class='ocrx_word' id='word_1_491' title='bbox 364 4695 446 4754; x_wconf 78' lang='lat' dir='ltr'>opus</span> <span class='ocrx_word' id='word_1_492' title='bbox 465 4694 689 4760; x_wconf 69' lang='lat' dir='ltr'>conposuerat.</span> <span class='ocrx_word' id='word_1_493' title='bbox 714 4714 723 4726; x_wconf 94' lang='lat'>·</span> <span class='ocrx_word' id='word_1_494' title='bbox 744 4678 844 4766; x_wconf 80' lang='lat' dir='ltr'>lrirqnn</span> <span class='ocrx_word' id='word_1_495' title='bbox 865 4679 941 4744; x_wconf 78' lang='lat' dir='ltr'>alin</span> <span class='ocrx_word' id='word_1_496' title='bbox 962 4700 1057 4752; x_wconf 81' lang='lat' dir='ltr'>turns,</span> <span class='ocrx_word' id='word_1_497' title='bbox 1072 4701 1126 4742; x_wconf 87' lang='lat' dir='ltr'>seu</span> <span class='ocrx_word' id='word_1_498' title='bbox 1158 4680 1320 4741; x_wconf 87' lang='lat' dir='ltr'>mundanas</span> <span class='ocrx_word' id='word_1_499' title='bbox 1342 4680 1622 4743; x_wconf 81' lang='lat' dir='ltr'>circuuuulutiones</span> <span class='ocrx_word' id='word_1_500' title='bbox 1644 4695 1672 4741; x_wconf 91' lang='lat' dir='ltr'>et</span> 
     </span>
    </p>
   </div>
   <div class='ocr_carea' id='block_1_4' title="bbox 0 0 2092 5217">
    <p class='ocr_par' dir='ltr' id='par_1_4' title="bbox 0 0 2092 5217">
     <span class='ocr_line' id='line_1_45' title="bbox 0 0 2092 5217; baseline 0 0"><span class='ocrx_word' id='word_1_501' title='bbox 0 0 2092 5217; x_wconf 95' lang='lat' dir='ltr'> </span> 
     </span>
    </p>
   </div>
  </div>
 </body>
</html>
