4125 5217
392 368 457 437 aar
900 364 1050 414 amomo
1073 365 1181 413 avena

394 629 529 693 lecerunt
565 651 706 713 magnam
735 628 864 705 turbam,
898 642 928 691 et
957 626 1084 690 finaliter
1104 646 1208 690 omnes
1229 625 1268 688 ibi
1291 626 1442 691 uenientes
1463 629 1574 711 pariter
1597 650 1677 713 para·

394 747 501 795 verunt
522 752 555 794 se
575 731 612 792 ad
635 729 745 792 bellum
768 750 851 792 more
873 729 1039 801 sariissimo
1060 743 1090 790 et
1110 726 1168 789 hoc
1190 727 1219 789 in
1240 747 1301 789 uno
1323 728 1451 811 gurgite,
1465 748 1517 791 seu
1532 729 1563 792 in
1581 750 1686 793 secana

395 832 518 896 flumine
539 833 651 916 patrius
674 830 844 914 (parisiisi).
867 845 897 891 et
917 828 975 891 hnc
997 827 1052 891 luit
1074 848 1107 890 ea
1130 843 1212 913 parte
1232 848 1289 911 qua
1310 828 1457 890 maximus
1478 827 1539 890 dux
1559 829 1687 904 italicus,

394 953 447 997 seu
470 932 562 996 lulius
584 933 685 1008 Cesar,
706 930 786 993 dedit
807 931 963 1013 accingere
977 944 1096 991 aureata
1112 927 1221 1013 templa
1236 928 1363 991 civitatis
1378 927 1469 990 fluvio
1483 929 1593 992 secanti
1611 949 1688 1004 rura,

395 1053 447 1097 seu
468 1053 576 1096 secane
597 1031 690 1094 flurin
712 1029 853 1093 hffluenti
875 1049 1013 1112 campos;
1035 1041 1065 1091 et
1090 1025 1218 1090 breuiter
1244 1042 1327 1089 erant
1353 1041 1398 1090 tot
1426 1026 1506 1112 quod
1534 1026 1688 1091 deficiebat

396 1135 438 1197 eis
459 1131 614 1217 pabulum,
633 1132 688 1193 nisi
703 1130 827 1193 ecclesia
850 1149 972 1191 romana
995 1126 1152 1190 relevasset
1171 1149 1229 1212 pan
1250 1142 1332 1212 parte
1347 1125 1434 1204 virili,
1455 1128 1525 1212 quia
1539 1127 1618 1191 dedit
1633 1126 1688 1190 sibi

396 1234 561 1296 maximum
583 1229 759 1307 subsidium,
773 1231 842 1315 quia
858 1229 913 1291 ista
935 1227 1062 1291 faustula
1079 1243 1211 1290 removet
1232 1227 1377 1291 decimam
1392 1249 1409 1291 a
1424 1226 1502 1291 bello
1521 1228 1558 1290 de
1579 1248 1689 1312 magno

379 1347 518 1396 tesauro
536 1351 592 1394 suo
616 1345 646 1394 et
659 1329 893 1414 sic—equietavit
914 1349 1057 1413 magnum
1079 1329 1244 1411 appetitum
1264 1348 1352 1391 suum
1369 1331 1490 1413 ‘magnis
1511 1327 1644 1392 decimis.

416 1445 419 1449 ’
476 1432 564 1495 Hal:
585 1428 733 1493 exclamat
755 1450 805 1493 rex
826 1428 926 1514 anglie
954 1443 984 1491 et
1010 1428 1083 1492 dicit
1103 1430 1176 1513 ipse,
1196 1429 1314 1491 intuens
1334 1427 1629 1512 obliqueecclesie:
1651 1427 1689 1492 ah

395 1532 538 1597 meretrix
559 1530 694 1606 ecclesia,
715 1550 805 1615 quam
826 1549 933 1592 auams
956 1549 1006 1592 rex
1027 1527 1136 1592 francie
1156 1530 1207 1613 qui
1224 1527 1371 1613 repolluit,
1385 1526 1483 1612 luggit
1505 1544 1534 1593 te
1555 1549 1689 1592 nonme

363 1676 378 1685 ··
396 1628 897 1716 merem=·cristiicst·{ista]·tota·
915 1628 987 1692 fides
1009 1632 1080 1692 tua?
1105 1629 1253 1692 ministras
1274 1644 1305 1692 tu
1326 1630 1368 1691 ita
1396 1628 1473 1691 bona
1503 1630 1689 1713 pauperum?

396 1733 453 1795 ista
474 1730 599 1795 ecclesia
617 1744 665 1793 est
689 1728 887 1793 verecundata
915 1743 946 1792 et
974 1726 1015 1791 nil
1043 1744 1087 1791 est
1115 1749 1185 1790 ausa
1214 1726 1321 1812 palam,
1350 1729 1404 1790 nisi
1434 1728 1589 1792 ridebatur
1615 1726 1691 1792 selle

397 1851 509 1917 ponere
536 1850 650 1916 pacem.
674 1828 905 1891 nichilhominus
928 1844 1017 1890 nocte
1038 1827 1147 1890 donuit
1168 1849 1238 1891 cum
1266 1849 1334 1913 rege
1362 1828 1472 1892 francie
1500 1844 1530 1892 et
1553 1827 1690 1892 submisit

399 1933 524 1995 tacitum
552 1929 714 2007 auxilium3
736 1928 796 2007 illa,
818 1928 896 2004 dico,
925 1927 1032 1991 mulier
1056 1928 1160 1991 ardens
1182 1927 1374 1991 muliebribus
1394 1929 1469 2011 ndijs
1491 1930 1571 1992 intus
1592 1949 1625 1992 se
1645 1928 1692 1991 de·

398 2032 525 2116 quoquit
546 2031 604 2093 iras
626 2045 656 2092 et
677 2028 828 2091 flammam
851 2027 991 2105 ecclesie;
1006 2043 1065 2091 stat
1085 2030 1202 2092 anxiata
1217 2030 1304 2112 sarijs
1324 2029 1413 2092 curis.
1428 2030 1487 2091 iam
1502 2045 1626 2113 uterque
1641 2049 1692 2092 rex

399 2129 521 2216 parabat
543 2129 663 2192 brachia
684 2129 720 2191 ad
742 2130 884 2213 principia
906 2128 985 2213 dubij
1010 2127 1077 2192 belli
1099 2144 1129 2191 et
1150 2130 1208 2191 iam
1229 2131 1307 2192 acies
1321 2129 1438 2192 stabam
1451 2130 1573 2192 adverse
1588 2146 1617 2193 et
1631 2131 1690 2192 iam

398 2229 564 2294 fremebant
585 2251 668 2292 anna
690 2244 720 2292 et
741 2231 799 2292 iam
827 2232 953 2314 quisque
975 2229 1101 2293 vocabat
1128 2230 1199 2292 deos
1228 2246 1256 2293 et
1283 2229 1414 2315 quelibet
1442 2246 1530 2294 cocat
1557 2233 1691 2315 proprios

399 2331 482 2393 deos.
509 2365 530 2378 -
557 2330 626 2403 Her,
655 2350 707 2392 seu
735 2329 856 2414 Anglia,
885 2344 973 2393 vocat
1001 2331 1099 2393 menia
1130 2344 1215 2415 troye
1246 2346 1275 2394 et
1306 2347 1452 2407 arturum,
1482 2332 1565 2415 quasi
1592 2331 1690 2395 dicat:

400 2429 547 2515 gloriatur
566 2429 647 2515 quod
672 2432 773 2513 arrigo
800 2429 919 2513 anglica
948 2447 1010 2492 erat
1030 2430 1068 2492 de
1088 2432 1209 2492 troianis
1234 2432 1312 2494 sicut
1333 2434 1441 2493 Brutus
1463 2433 1565 2515 utique
1586 2430 1641 2494 luit
1662 2446 1692 2494 et

401 2529 547 2615 gloriatur
567 2530 604 2593 dc
626 2551 696 2613 rege
716 2544 837 2607 arturo;
863 2530 914 2592 sed
937 2550 1008 2614 gens
1031 2530 1199 2614 irangicena
1221 2529 1334 2593 labores
1359 2531 1505 2616 pugilum,
1526 2553 1578 2594 seu
1604 2530 1691 2595 refert

400 2629 534 2693 calorum
555 2629 622 2710 (sir)
642 2631 692 2713 qui
714 2627 784 2692 lecit
805 2645 947 2693 monstra.
970 2651 1042 2714 ergo
1064 2651 1171 2714 magna
1192 2628 1248 2693 luit
1269 2631 1387 2694 iactatio
1410 2633 1438 2694 iu
1461 2647 1527 2695 toto
1548 2634 1620 2709 acie,
1642 2653 1692 2694 vo·

401 2729 489 2793 litant
508 2732 725 2794 cominationes
754 2747 782 2793 et
810 2752 868 2814 pan
895 2730 987 2794 obicit
1016 2748 1045 2792 et
1073 2731 1215 2816 exprobat
1242 2749 1345 2794 contra
1374 2754 1474 2817 regem
1503 2733 1611 2818 anglie,
1638 2754 1690 2796 seu

401 2829 519 2894 fraudes
546 2846 576 2893 et
604 2830 696 2893 obicit
718 2829 808 2893 nichil
836 2832 981 2914 pensanti,
1004 2829 1094 2894 nichil
1115 2831 1243 2908 discreti,
1269 2832 1391 2896 sedest
1420 2854 1493 2917 gens
1520 2854 1641 2917 preceps
1662 2849 1692 2897 et

401 2930 493 2994 nichil
513 2929 625 2993 habens
646 2931 728 3006 iuris,
750 2930 840 2993 nichil
862 2929 1066 2993 humanitatis.
1087 2952 1176 3015 quam
1199 2952 1261 2994 rem
1285 2932 1447 3016 predictam
1465 2931 1593 2996 declarat
1614 2933 1691 2995 sarna

400 3033 537 3115 antiqua:
559 3027 669 3092 habere
691 3030 825 3092 caudam.
848 3045 878 3093 et
899 3030 991 3093 obicit
1013 3051 1062 3093 rex
1085 3030 1193 3094 francie
1215 3030 1296 3096 locos
1317 3031 1407 3114 exiiij,
1429 3054 1480 3095 seu
1502 3034 1603 3096 exules
1628 3053 1691 3095 esse

400 3144 430 3193 et
450 3129 752 3212 obicit'loca‘aspcra
773 3144 803 3192 et
824 3128 988 3193 inhabitata
1009 3147 1039 3193 et
1059 3130 1153 3194 obicit
1178 3154 1274 3195 mores
1303 3132 1480 3209 barbaricus,
1503 3133 1697 3217 'lingue''t‘'re'·'

400 3230 509 3292 mentis
532 3228 621 3292 rerba
644 3230 810 3292 resonantia
834 3250 923 3291 rauco
944 3230 1054 3313 palato.

480 3328 555 3414 ille:
577 3327 734 3411 respondet
757 3349 805 3390 rex
829 3327 929 3412 anglie
950 3331 1070 3391 dicens:
1092 3329 1144 3393 tibi
1167 3330 1284 3413 placent
1306 3332 1405 3408 uerba,
1428 3331 1517 3395 michi
1540 3332 1635 3409 facta;
1657 3348 1687 3396 et

400 3442 500 3491 tanien
522 3447 580 3511 ego
606 3427 766 3489 dissolvam
795 3426 934 3511 inplicata
964 3428 1114 3491 volumina
1146 3430 1246 3514 lingue
1274 3447 1303 3495 et
1331 3430 1435 3517 loquar
1455 3432 1576 3516 aliquid,
1604 3433 1690 3496 faciet

399 3547 449 3589 me
469 3541 623 3611 promtum
645 3542 673 3588 et
696 3525 888 3610 loquentem:
911 3531 958 3590 aln
987 3529 1081 3591 credis
1111 3544 1140 3591 te
1168 3544 1267 3613 tegere
1295 3551 1364 3593 cum
1392 3530 1512 3615 digito?
1541 3553 1594 3595 nos
1617 3530 1690 3594 bene

400 3628 539 3689 norimus
560 3627 688 3710 periuria
710 3641 761 3687 tua
782 3641 812 3688 et
834 3628 973 3688 norimus
987 3627 1123 3690 homines
1137 3650 1292 3713 oppressos
1307 3645 1337 3692 et
1352 3633 1537 3693 maiestatem
1558 3632 1689 3695 divinam

399 3725 526 3789 derisam
549 3726 585 3787 ad
608 3741 638 3787 te
659 3742 687 3787 et
709 3747 782 3811 quas
803 3747 894 3809 penas
911 3729 1011 3788 omnia
1028 3727 1157 3809 predicta
1173 3745 1337 3811 exposcunt
1352 3751 1367 3790 a
1384 3745 1423 3805 te,
1438 3750 1486 3793 me
1501 3713 1689 3807 ente-iudice,

400 3840 430 3889 et
449 3826 551 3886 omnia
572 3826 627 3888 ista
651 3826 772 3887 numina
795 3841 959 3908 exposcunt
981 3846 1082 3909 preces
1108 3842 1138 3889 et
1160 3826 1279 3917 lacrime
1306 3850 1526 3911 oppressorum,
1547 3852 1620 3916 quas
1641 3830 1689 3893 la-

401 3928 508 3989 crimas
531 3926 660 3988 mictunt
682 3924 781 3987 vetule
803 3940 835 3986 ιιι
858 3945 915 4009 ego
943 3946 1091 3988 summam
1121 3928 1231 3989 iustum
1260 3929 1438 4011 supplicium
1459 3930 1496 3991 de
1517 3944 1556 3992 te.
1579 3930 1688 4007 vetula,

399 4026 476 4089 idest
497 4025 665 4101 ierusalem,
688 4023 788 4087 infelix
810 4023 886 4087 lacta
909 4039 996 4100 terra,
1019 4043 1048 4088 et
1070 4025 1177 4089 mulier
1196 4026 1368 4091 miserabilis
1383 4029 1504 4113 decepta
1524 4032 1582 4092 tuis
1597 4030 1689 4114 polli-

400 4127 467 4189 citis
489 4125 563 4187 ludit
585 4125 655 4186 istas
677 4124 811 4186 lacrimas
826 4139 856 4186 et
872 4126 937 4200 ista,
958 4124 1072 4186 deserta
1094 4124 1131 4186 ab
1152 4147 1209 4188 avo
1231 4141 1294 4204 tuo,
1309 4129 1443 4212 queritur
1463 4128 1500 4190 de
1521 4144 1550 4191 te
1571 4145 1687 4213 nepote.

400 4241 433 4288 tu
455 4244 486 4286 es
507 4244 596 4287 causa
617 4225 752 4284 omnium
775 4222 923 4285 malorum
945 4239 975 4286 et
996 4243 1112 4306 semper
1133 4245 1222 4307 negas
1244 4242 1272 4287 et
1293 4248 1409 4310 semper
1430 4244 1462 4291 tu
1484 4227 1580 4291 induis
1607 4250 1688 4291 arma

401 4340 430 4387 et
451 4324 575 4407 deponis
601 4343 682 4384 arma
711 4323 782 4406 ipsa.
811 4323 908 4407 plorat
936 4338 965 4385 et
994 4339 1081 4386 vocat
1107 4338 1137 4386 te
1164 4325 1296 4402 surdum,
1324 4328 1449 4389 mictens
1477 4330 1687 4412 suspiria-non

401 4446 476 4487 vana
497 4423 534 4485 ad
555 4422 664 4499 celum,
686 4440 843 4508 postquam
866 4422 947 4485 nulla
969 4444 1035 4506 spes
1057 4424 1099 4484 tui
1122 4439 1166 4485 est
1187 4423 1259 4500 sibi;
1277 4440 1306 4487 et
1326 4427 1388 4509 ipsa
1410 4427 1532 4489 ecclesia
1552 4443 1637 4511 rogat
1658 4443 1687 4490 te

401 4539 434 4586 ut
456 4523 598 4585 succedas
619 4523 660 4585 illi
684 4524 840 4585 ierusalem
855 4541 884 4585 et
900 4526 961 4606 ipsa
978 4523 1145 4607 frequenter
1164 4526 1317 4607 increpans
1333 4528 1405 4609 petit
1419 4525 1561 4588 auxilium
1582 4530 1688 4590 misere

400 4622 557 4685 ientsalem
578 4624 690 4683 sororis
711 4642 773 4697 sue,
795 4638 823 4684 et
846 4622 932 4684 multi
953 4624 1099 4706 priricipes
1120 4622 1353 4686 sollicitaverunt
1368 4641 1397 4686 te
1411 4625 1447 4687 de
1461 4625 1528 4702 hoc,
1542 4642 1572 4688 et
1586 4625 1688 4709 populi

401 4740 431 4787 et
453 4724 527 4787 silue
554 4739 713 4808 precantur
734 4739 770 4784 tc.
793 4744 882 4809 qoem
905 4745 965 4785 non
987 4725 1149 4786 movissent
1170 4726 1238 4786 isti?
1259 4726 1309 4787 sed
1330 4742 1362 4787 tu
1383 4726 1465 4790 solus
1485 4724 1687 4811 implacabilis,
