<?xml version="1.0" encoding="UTF-8"?>
<!DOCTYPE html PUBLIC "-//W3C//DTD XHTML 1.0 Transitional//EN"
    "http://www.w3.org/TR/xhtml1/DTD/xhtml1-transitional.dtd">
<html xmlns="http://www.w3.org/1999/xhtml" xml:lang="en" lang="en">
 <head>
  <title>
</title>
<meta http-equiv="Content-Type" content="text/html;charset=utf-8" />
  <meta name='ocr-system' content='tesseract 3.04.00' />
  <meta name='ocr-capabilities' content='ocr_page ocr_carea ocr_par ocr_line ocrx_word'/>
</head>
<body>
  <div class='ocr_page' id='page_1' title='image "./ilbucolicumcarm00avengoog_0251.png"; bbox 0 0 4125 5217; ppageno 0'>
   <div class='ocr_carea' id='block_1_1' title="bbox 820 396 1656 473">
    <p class='ocr_par' dir='ltr' id='par_1_1' title="bbox 820 396 1656 473">
     <span class='ocr_line' id='line_1_1' title="bbox 820 396 1656 473; baseline 0.008 -27"><span class='ocrx_word' id='word_1_1' title='bbox 820 396 851 446; x_wconf 83' lang='grc' dir='ltr'><strong>ιι</strong></span> <span class='ocrx_word' id='word_1_2' title='bbox 873 397 1063 449; x_wconf 83' lang='lat' dir='ltr'><strong>sucoucuu</strong></span> <span class='ocrx_word' id='word_1_3' title='bbox 1085 401 1216 450; x_wconf 77' lang='lat' dir='ltr'><strong>mensu</strong></span> <span class='ocrx_word' id='word_1_4' title='bbox 1594 401 1656 473; x_wconf 84' lang='lat'><strong>²4¹</strong></span> 
     </span>
    </p>
   </div>
   <div class='ocr_carea' id='block_1_2' title="bbox 360 656 1698 4719">
    <p class='ocr_par' dir='ltr' id='par_1_2' title="bbox 360 656 1698 3429">
     <span class='ocr_line' id='line_1_2' title="bbox 377 656 1662 745; baseline 0.005 -24"><span class='ocrx_word' id='word_1_5' title='bbox 377 673 461 743; x_wconf 88' lang='lat' dir='ltr'><strong>parte</strong></span> <span class='ocrx_word' id='word_1_6' title='bbox 481 678 538 743; x_wconf 84' lang='lat' dir='ltr'><strong>qut</strong></span> <span class='ocrx_word' id='word_1_7' title='bbox 561 673 593 722; x_wconf 92' lang='grc' dir='ltr'><strong>ιιι</strong></span> <span class='ocrx_word' id='word_1_8' title='bbox 615 656 728 721; x_wconf 82' lang='lat' dir='ltr'><strong>uidebis</strong></span> <span class='ocrx_word' id='word_1_9' title='bbox 749 658 914 743; x_wconf 86' lang='lat' dir='ltr'><strong>frequentes</strong></span> <span class='ocrx_word' id='word_1_10' title='bbox 937 658 1052 742; x_wconf 80' lang='lat' dir='ltr'><strong>vigilias</strong></span> <span class='ocrx_word' id='word_1_11' title='bbox 1073 681 1192 738; x_wconf 90' lang='lat' dir='ltr'><strong>canum,</strong></span> <span class='ocrx_word' id='word_1_12' title='bbox 1213 681 1265 723; x_wconf 91' lang='lat' dir='ltr'><strong>seu</strong></span> <span class='ocrx_word' id='word_1_13' title='bbox 1292 661 1506 745; x_wconf 77' lang='lat' dir='ltr'>predicantium</span> <span class='ocrx_word' id='word_1_14' title='bbox 1528 678 1557 726; x_wconf 89' lang='lat' dir='ltr'><strong>et</strong></span> <span class='ocrx_word' id='word_1_15' title='bbox 1579 662 1662 727; x_wconf 88' lang='lat' dir='ltr'><strong>lace-</strong></span> 
     </span>
     <span class='ocr_line' id='line_1_3' title="bbox 378 757 1662 841; baseline 0.002 -21"><span class='ocrx_word' id='word_1_16' title='bbox 378 761 506 821; x_wconf 82' lang='lat' dir='ltr'><strong>rantium</strong></span> <span class='ocrx_word' id='word_1_17' title='bbox 527 773 557 821; x_wconf 89' lang='lat' dir='ltr'><strong>et</strong></span> <span class='ocrx_word' id='word_1_18' title='bbox 578 757 635 821; x_wconf 89' lang='lat' dir='ltr'><strong>hoc</strong></span> <span class='ocrx_word' id='word_1_19' title='bbox 657 778 785 841; x_wconf 88' lang='lat' dir='ltr'><strong>superno</strong></span> <span class='ocrx_word' id='word_1_20' title='bbox 807 774 897 835; x_wconf 88' lang='lat' dir='ltr'><strong>tecto,</strong></span> <span class='ocrx_word' id='word_1_21' title='bbox 925 760 975 822; x_wconf 91' lang='lat' dir='ltr'><strong>ubi</strong></span> <span class='ocrx_word' id='word_1_22' title='bbox 1003 775 1036 822; x_wconf 92' lang='lat' dir='ltr'><strong>tu</strong></span> <span class='ocrx_word' id='word_1_23' title='bbox 1063 759 1175 824; x_wconf 80' lang='lat' dir='ltr'><strong>ridebis</strong></span> <span class='ocrx_word' id='word_1_24' title='bbox 1203 781 1290 824; x_wconf 85' lang='lat' dir='ltr'><strong>canes</strong></span> <span class='ocrx_word' id='word_1_25' title='bbox 1312 758 1420 837; x_wconf 88' lang='lat' dir='ltr'><strong>fuscos,</strong></span> <span class='ocrx_word' id='word_1_26' title='bbox 1442 762 1527 838; x_wconf 89' lang='lat' dir='ltr'><strong>idest,</strong></span> <span class='ocrx_word' id='word_1_27' title='bbox 1549 761 1662 837; x_wconf 87' lang='lat' dir='ltr'><strong>fratres,</strong></span> 
     </span>
     <span class='ocr_line' id='line_1_4' title="bbox 378 857 1659 943; baseline 0.001 -23"><span class='ocrx_word' id='word_1_28' title='bbox 378 857 427 921; x_wconf 94' lang='lat' dir='ltr'><strong>ille</strong></span> <span class='ocrx_word' id='word_1_29' title='bbox 447 858 531 922; x_wconf 89' lang='lat' dir='ltr'><strong>loeus</strong></span> <span class='ocrx_word' id='word_1_30' title='bbox 551 857 640 921; x_wconf 90' lang='lat' dir='ltr'><strong>babet</strong></span> <span class='ocrx_word' id='word_1_31' title='bbox 660 878 768 941; x_wconf 88' lang='lat' dir='ltr'><strong>corpus</strong></span> <span class='ocrx_word' id='word_1_32' title='bbox 790 872 840 921; x_wconf 87' lang='lat' dir='ltr'><strong>tue</strong></span> <span class='ocrx_word' id='word_1_33' title='bbox 859 859 975 921; x_wconf 87' lang='lat' dir='ltr'><strong>dilecte.</strong></span> <span class='ocrx_word' id='word_1_34' title='bbox 997 880 1069 942; x_wconf 82' lang='lat' dir='ltr'><strong>ergo</strong></span> <span class='ocrx_word' id='word_1_35' title='bbox 1089 862 1188 943; x_wconf 82' lang='lat' dir='ltr'>aspice</span> <span class='ocrx_word' id='word_1_36' title='bbox 1208 876 1330 922; x_wconf 84' lang='lat' dir='ltr'><strong>contra:</strong></span> <span class='ocrx_word' id='word_1_37' title='bbox 1354 860 1409 924; x_wconf 86' lang='lat' dir='ltr'><strong>llic</strong></span> <span class='ocrx_word' id='word_1_38' title='bbox 1438 875 1483 923; x_wconf 90' lang='lat' dir='ltr'><strong>est</strong></span> <span class='ocrx_word' id='word_1_39' title='bbox 1504 860 1659 934; x_wconf 86' lang='lat' dir='ltr'><strong>laureetta,</strong></span> 
     </span>
     <span class='ocr_line' id='line_1_5' title="bbox 378 956 1662 1043; baseline 0.001 -23"><span class='ocrx_word' id='word_1_40' title='bbox 378 960 472 1023; x_wconf 83' lang='lat' dir='ltr'><strong>amica</strong></span> <span class='ocrx_word' id='word_1_41' title='bbox 494 972 705 1042; x_wconf 66' lang='lat' dir='ltr'><strong>petrarcqqua</strong></span> <span class='ocrx_word' id='word_1_42' title='bbox 727 956 870 1020; x_wconf 86' lang='lat' dir='ltr'><strong>laureetta</strong></span> <span class='ocrx_word' id='word_1_43' title='bbox 892 973 996 1020; x_wconf 90' lang='lat' dir='ltr'><strong>natura</strong></span> <span class='ocrx_word' id='word_1_44' title='bbox 1017 979 1078 1019; x_wconf 93' lang='lat' dir='ltr'><strong>nou</strong></span> <span class='ocrx_word' id='word_1_45' title='bbox 1099 961 1210 1021; x_wconf 81' lang='lat' dir='ltr'><strong>creauit</strong></span> <span class='ocrx_word' id='word_1_46' title='bbox 1232 958 1372 1043; x_wconf 84' lang='lat' dir='ltr'><strong>pulcrius,</strong></span> <span class='ocrx_word' id='word_1_47' title='bbox 1386 961 1442 1023; x_wconf 91' lang='lat' dir='ltr'><strong>nisi</strong></span> <span class='ocrx_word' id='word_1_48' title='bbox 1456 981 1541 1024; x_wconf 84' lang='lat' dir='ltr'><strong>atuor</strong></span> <span class='ocrx_word' id='word_1_49' title='bbox 1561 959 1662 1023; x_wconf 86' lang='lat' dir='ltr'><strong>fefellit</strong></span> 
     </span>
     <span class='ocr_line' id='line_1_6' title="bbox 379 1054 1663 1143; baseline 0 -22"><span class='ocrx_word' id='word_1_50' title='bbox 379 1079 444 1121; x_wconf 89' lang='lat' dir='ltr'><strong>nos.</strong></span> <span class='ocrx_word' id='word_1_51' title='bbox 465 1076 548 1140; x_wconf 84' lang='lat' dir='ltr'><strong>ergo,</strong></span> <span class='ocrx_word' id='word_1_52' title='bbox 568 1055 639 1119; x_wconf 88' lang='lat' dir='ltr'><strong>dicit</strong></span> <span class='ocrx_word' id='word_1_53' title='bbox 662 1054 752 1130; x_wconf 87' lang='lat' dir='ltr'><strong>fusca,</strong></span> <span class='ocrx_word' id='word_1_54' title='bbox 773 1056 888 1140; x_wconf 85' lang='lat' dir='ltr'><strong>depone</strong></span> <span class='ocrx_word' id='word_1_55' title='bbox 915 1076 1006 1119; x_wconf 94' lang='lat' dir='ltr'><strong>omne</strong></span> <span class='ocrx_word' id='word_1_56' title='bbox 1034 1078 1195 1139; x_wconf 76' lang='lat' dir='ltr'><strong>gravamen</strong></span> <span class='ocrx_word' id='word_1_57' title='bbox 1223 1058 1343 1135; x_wconf 90' lang='lat' dir='ltr'><strong>doloris,</strong></span> <span class='ocrx_word' id='word_1_58' title='bbox 1365 1080 1437 1141; x_wconf 82' lang='lat' dir='ltr'><strong>ergo</strong></span> <span class='ocrx_word' id='word_1_59' title='bbox 1464 1058 1663 1143; x_wconf 82' lang='lat' dir='ltr'><strong>complectere</strong></span> 
     </span>
     <span class='ocr_line' id='line_1_7' title="bbox 380 1153 1661 1241; baseline 0.001 -21"><span class='ocrx_word' id='word_1_60' title='bbox 380 1155 557 1241; x_wconf 39' lang='lat' dir='ltr'><strong>sepulcrum·</strong></span> <span class='ocrx_word' id='word_1_61' title='bbox 569 1169 598 1217; x_wconf 93' lang='lat' dir='ltr'><strong>et</strong></span> <span class='ocrx_word' id='word_1_62' title='bbox 619 1153 819 1217; x_wconf 88' lang='lat' dir='ltr'><strong>ltosculaberis</strong></span> <span class='ocrx_word' id='word_1_63' title='bbox 840 1175 944 1217; x_wconf 81' lang='lat' dir='ltr'><strong>saxum</strong></span> <span class='ocrx_word' id='word_1_64' title='bbox 966 1169 996 1218; x_wconf 90' lang='lat' dir='ltr'><strong>et</strong></span> <span class='ocrx_word' id='word_1_65' title='bbox 1008 1154 1080 1218; x_wconf 89' lang='lat' dir='ltr'><strong>dicit</strong></span> <span class='ocrx_word' id='word_1_66' title='bbox 1102 1156 1190 1218; x_wconf 86' lang='lat' dir='ltr'><strong>verba</strong></span> <span class='ocrx_word' id='word_1_67' title='bbox 1211 1156 1316 1219; x_wconf 87' lang='lat' dir='ltr'><strong>umbre</strong></span> <span class='ocrx_word' id='word_1_68' title='bbox 1338 1159 1438 1239; x_wconf 90' lang='lat' dir='ltr'><strong>ipsius.</strong></span> <span class='ocrx_word' id='word_1_69' title='bbox 1457 1193 1478 1205; x_wconf 95' lang='lat'>-</span> <span class='ocrx_word' id='word_1_70' title='bbox 1494 1160 1591 1221; x_wconf 83' lang='lat' dir='ltr'><strong>Heul:</strong></span> <span class='ocrx_word' id='word_1_71' title='bbox 1609 1162 1661 1223; x_wconf 79' lang='lat' dir='ltr'><strong>Re</strong></span> 
     </span>
     <span class='ocr_line' id='line_1_8' title="bbox 380 1253 1663 1340; baseline 0 -21"><span class='ocrx_word' id='word_1_72' title='bbox 380 1256 506 1340; x_wconf 77' lang='lat' dir='ltr'><strong>spondet</strong></span> <span class='ocrx_word' id='word_1_73' title='bbox 526 1253 623 1318; x_wconf 81' lang='lat' dir='ltr'><strong>Niobe</strong></span> <span class='ocrx_word' id='word_1_74' title='bbox 645 1268 674 1315; x_wconf 91' lang='lat' dir='ltr'><strong>et</strong></span> <span class='ocrx_word' id='word_1_75' title='bbox 694 1254 798 1338; x_wconf 83' lang='lat' dir='ltr'>incipit</span> <span class='ocrx_word' id='word_1_76' title='bbox 818 1255 958 1337; x_wconf 85' lang='lat' dir='ltr'><strong>conqueri</strong></span> <span class='ocrx_word' id='word_1_77' title='bbox 987 1269 1016 1316; x_wconf 94' lang='lat' dir='ltr'><strong>et</strong></span> <span class='ocrx_word' id='word_1_78' title='bbox 1037 1253 1156 1317; x_wconf 88' lang='lat' dir='ltr'><strong>dolere:</strong></span> <span class='ocrx_word' id='word_1_79' title='bbox 1180 1270 1209 1317; x_wconf 89' lang='lat' dir='ltr'><strong>et</strong></span> <span class='ocrx_word' id='word_1_80' title='bbox 1230 1255 1289 1318; x_wconf 89' lang='lat' dir='ltr'><strong>heu</strong></span> <span class='ocrx_word' id='word_1_81' title='bbox 1310 1254 1417 1317; x_wconf 91' lang='lat' dir='ltr'><strong>domus</strong></span> <span class='ocrx_word' id='word_1_82' title='bbox 1439 1258 1526 1319; x_wconf 91' lang='lat' dir='ltr'><strong>nimis</strong></span> <span class='ocrx_word' id='word_1_83' title='bbox 1554 1259 1663 1319; x_wconf 88' lang='lat' dir='ltr'><strong>istricta</strong></span> 
     </span>
     <span class='ocr_line' id='line_1_9' title="bbox 373 1351 1665 1439; baseline 0 -20"><span class='ocrx_word' id='word_1_84' title='bbox 373 1371 462 1419; x_wconf 85' lang='lat' dir='ltr'><strong>tante</strong></span> <span class='ocrx_word' id='word_1_85' title='bbox 483 1353 697 1439; x_wconf 89' lang='lat' dir='ltr'><strong>pulcritudini-l·</strong></span> <span class='ocrx_word' id='word_1_86' title='bbox 712 1351 886 1436; x_wconf 70' lang='lat' dir='ltr'><strong>ogalatm,</strong></span> <span class='ocrx_word' id='word_1_87' title='bbox 907 1368 953 1415; x_wconf 90' lang='lat' dir='ltr'><strong>est</strong></span> <span class='ocrx_word' id='word_1_88' title='bbox 973 1354 1030 1416; x_wconf 90' lang='lat' dir='ltr'><strong>ista</strong></span> <span class='ocrx_word' id='word_1_89' title='bbox 1051 1354 1134 1416; x_wconf 87' lang='lat' dir='ltr'><strong>sedes</strong></span> <span class='ocrx_word' id='word_1_90' title='bbox 1150 1354 1223 1417; x_wconf 82' lang='lat' dir='ltr'><strong>tibi?</strong></span> <span class='ocrx_word' id='word_1_91' title='bbox 1236 1375 1327 1438; x_wconf 87' lang='lat' dir='ltr'><strong>quam</strong></span> <span class='ocrx_word' id='word_1_92' title='bbox 1341 1355 1460 1439; x_wconf 83' lang='lat' dir='ltr'><strong>quando</strong></span> <span class='ocrx_word' id='word_1_93' title='bbox 1481 1356 1527 1418; x_wconf 90' lang='lat' dir='ltr'><strong>sol</strong></span> <span class='ocrx_word' id='word_1_94' title='bbox 1548 1356 1665 1419; x_wconf 88' lang='lat' dir='ltr'><strong>videbat</strong></span> 
     </span>
     <span class='ocr_line' id='line_1_10' title="bbox 381 1449 1663 1539; baseline -0.002 -20"><span class='ocrx_word' id='word_1_95' title='bbox 381 1454 533 1539; x_wconf 88' lang='lat' dir='ltr'><strong>eglisiatus</strong></span> <span class='ocrx_word' id='word_1_96' title='bbox 554 1468 600 1517; x_wconf 90' lang='lat' dir='ltr'><strong>est</strong></span> <span class='ocrx_word' id='word_1_97' title='bbox 626 1468 657 1515; x_wconf 90' lang='lat' dir='ltr'><strong>et</strong></span> <span class='ocrx_word' id='word_1_98' title='bbox 677 1467 721 1515; x_wconf 91' lang='lat' dir='ltr'><strong>est</strong></span> <span class='ocrx_word' id='word_1_99' title='bbox 749 1449 900 1514; x_wconf 89' lang='lat' dir='ltr'><strong>confessus</strong></span> <span class='ocrx_word' id='word_1_100' title='bbox 922 1468 951 1515; x_wconf 89' lang='lat' dir='ltr'><strong>te</strong></span> <span class='ocrx_word' id='word_1_101' title='bbox 978 1472 1043 1515; x_wconf 89' lang='lat' dir='ltr'><strong>esse</strong></span> <span class='ocrx_word' id='word_1_102' title='bbox 1064 1453 1208 1516; x_wconf 89' lang='lat' dir='ltr'><strong>maiorem</strong></span> <span class='ocrx_word' id='word_1_103' title='bbox 1234 1472 1267 1515; x_wconf 90' lang='lat' dir='ltr'><strong>se</strong></span> <span class='ocrx_word' id='word_1_104' title='bbox 1294 1467 1324 1517; x_wconf 86' lang='lat' dir='ltr'><strong>et</strong></span> <span class='ocrx_word' id='word_1_105' title='bbox 1351 1455 1407 1517; x_wconf 89' lang='lat' dir='ltr'><strong>iste</strong></span> <span class='ocrx_word' id='word_1_106' title='bbox 1427 1451 1472 1516; x_wconf 89' lang='lat' dir='ltr'><strong>sol</strong></span> <span class='ocrx_word' id='word_1_107' title='bbox 1494 1456 1663 1538; x_wconf 84' lang='lat' dir='ltr'><strong>pavefactus</strong></span> 
     </span>
     <span class='ocr_line' id='line_1_11' title="bbox 382 1551 1665 1639; baseline -0.002 -21"><span class='ocrx_word' id='word_1_108' title='bbox 382 1553 497 1639; x_wconf 80' lang='lat' dir='ltr'><strong>fulgore</strong></span> <span class='ocrx_word' id='word_1_109' title='bbox 519 1569 571 1616; x_wconf 93' lang='lat' dir='ltr'><strong>tuo</strong></span> <span class='ocrx_word' id='word_1_110' title='bbox 593 1553 676 1616; x_wconf 87' lang='lat' dir='ltr'><strong>tarde</strong></span> <span class='ocrx_word' id='word_1_111' title='bbox 690 1554 770 1614; x_wconf 80' lang='lat' dir='ltr'><strong>uenit</strong></span> <span class='ocrx_word' id='word_1_112' title='bbox 791 1551 827 1613; x_wconf 88' lang='lat' dir='ltr'><strong>ad</strong></span> <span class='ocrx_word' id='word_1_113' title='bbox 849 1572 998 1615; x_wconf 86' lang='lat' dir='ltr'><strong>occasum.</strong></span> <span class='ocrx_word' id='word_1_114' title='bbox 1013 1588 1033 1599; x_wconf 98' lang='lat'>-</span> <span class='ocrx_word' id='word_1_115' title='bbox 1049 1553 1201 1615; x_wconf 62' lang='lat' dir='ltr'><strong>Hirtiae!</strong></span> <span class='ocrx_word' id='word_1_116' title='bbox 1221 1554 1296 1616; x_wconf 89' lang='lat' dir='ltr'><strong>idest</strong></span> <span class='ocrx_word' id='word_1_117' title='bbox 1309 1574 1348 1615; x_wconf 87' lang='lat' dir='ltr'><strong>an</strong></span> <span class='ocrx_word' id='word_1_118' title='bbox 1362 1568 1408 1617; x_wconf 90' lang='lat' dir='ltr'><strong>est</strong></span> <span class='ocrx_word' id='word_1_119' title='bbox 1424 1552 1479 1617; x_wconf 87' lang='lat' dir='ltr'><strong>hec</strong></span> <span class='ocrx_word' id='word_1_120' title='bbox 1494 1555 1577 1618; x_wconf 88' lang='lat' dir='ltr'><strong>sedes</strong></span> <span class='ocrx_word' id='word_1_121' title='bbox 1592 1554 1665 1618; x_wconf 86' lang='lat' dir='ltr'><strong>tibi?</strong></span> 
     </span>
     <span class='ocr_line' id='line_1_12' title="bbox 375 1649 1667 1729; baseline -0.002 -12"><span class='ocrx_word' id='word_1_122' title='bbox 375 1649 751 1717; x_wconf 65' lang='lat' dir='ltr'><strong>-etdieitssiistamulier</strong></span> <span class='ocrx_word' id='word_1_123' title='bbox 771 1666 888 1713; x_wconf 88' lang='lat' dir='ltr'><strong>mortua</strong></span> <span class='ocrx_word' id='word_1_124' title='bbox 910 1665 965 1726; x_wconf 89' lang='lat' dir='ltr'><strong>est,</strong></span> <span class='ocrx_word' id='word_1_125' title='bbox 980 1650 1109 1727; x_wconf 92' lang='lat' dir='ltr'><strong>creditis,</strong></span> <span class='ocrx_word' id='word_1_126' title='bbox 1123 1672 1142 1714; x_wconf 92' lang='grc' dir='ltr'><strong>ο</strong></span> <span class='ocrx_word' id='word_1_127' title='bbox 1157 1651 1368 1729; x_wconf 66' lang='lat' dir='ltr'><strong>stelle-visere</strong></span> <span class='ocrx_word' id='word_1_128' title='bbox 1382 1667 1412 1714; x_wconf 94' lang='lat' dir='ltr'><strong>et</strong></span> <span class='ocrx_word' id='word_1_129' title='bbox 1432 1655 1533 1716; x_wconf 66' lang='lat' dir='ltr'><strong>stated</strong></span> <span class='ocrx_word' id='word_1_130' title='bbox 1547 1673 1566 1716; x_wconf 94' lang='lat' dir='ltr'><strong>o</strong></span> <span class='ocrx_word' id='word_1_131' title='bbox 1582 1652 1667 1715; x_wconf 90' lang='lat' dir='ltr'><strong>boete</strong></span> 
     </span>
     <span class='ocr_line' id='line_1_13' title="bbox 381 1751 1668 1817; baseline -0.002 0"><span class='ocrx_word' id='word_1_132' title='bbox 381 1752 466 1817; x_wconf 82' lang='lat' dir='ltr'><strong>stella</strong></span> <span class='ocrx_word' id='word_1_133' title='bbox 487 1752 563 1815; x_wconf 91' lang='lat' dir='ltr'><strong>ludis</strong></span> <span class='ocrx_word' id='word_1_134' title='bbox 584 1767 617 1815; x_wconf 91' lang='lat' dir='ltr'><strong>tu</strong></span> <span class='ocrx_word' id='word_1_135' title='bbox 639 1753 668 1813; x_wconf 92' lang='lat' dir='ltr'><strong>in</strong></span> <span class='ocrx_word' id='word_1_136' title='bbox 689 1751 815 1815; x_wconf 90' lang='lat' dir='ltr'><strong>occiduo</strong></span> <span class='ocrx_word' id='word_1_137' title='bbox 841 1766 961 1813; x_wconf 89' lang='lat' dir='ltr'><strong>temone</strong></span> <span class='ocrx_word' id='word_1_138' title='bbox 990 1754 1117 1814; x_wconf 81' lang='lat' dir='ltr'><strong>currus?</strong></span> <span class='ocrx_word' id='word_1_139' title='bbox 1138 1767 1218 1815; x_wconf 88' lang='lat' dir='ltr'><strong>certe</strong></span> <span class='ocrx_word' id='word_1_140' title='bbox 1245 1773 1306 1815; x_wconf 92' lang='lat' dir='ltr'><strong>non</strong></span> <span class='ocrx_word' id='word_1_141' title='bbox 1333 1751 1455 1815; x_wconf 81' lang='lat' dir='ltr'><strong>deberes</strong></span> <span class='ocrx_word' id='word_1_142' title='bbox 1483 1751 1617 1816; x_wconf 86' lang='lat' dir='ltr'><strong>lustrare.</strong></span> <span class='ocrx_word' id='word_1_143' title='bbox 1638 1767 1668 1815; x_wconf 90' lang='lat' dir='ltr'><strong>et</strong></span> 
     </span>
     <span class='ocr_line' id='line_1_14' title="bbox 382 1849 1668 1939; baseline -0.004 -22"><span class='ocrx_word' id='word_1_144' title='bbox 382 1868 415 1916; x_wconf 90' lang='lat' dir='ltr'><strong>tu</strong></span> <span class='ocrx_word' id='word_1_145' title='bbox 437 1868 566 1930; x_wconf 89' lang='lat' dir='ltr'><strong>saturne,</strong></span> <span class='ocrx_word' id='word_1_146' title='bbox 589 1850 694 1915; x_wconf 88' lang='lat' dir='ltr'><strong>Gelide</strong></span> <span class='ocrx_word' id='word_1_147' title='bbox 721 1872 821 1927; x_wconf 84' lang='lat' dir='ltr'><strong>senex,</strong></span> <span class='ocrx_word' id='word_1_148' title='bbox 842 1871 901 1939; x_wconf 90' lang='lat' dir='ltr'><strong>non</strong></span> <span class='ocrx_word' id='word_1_149' title='bbox 922 1849 1054 1927; x_wconf 87' lang='lat' dir='ltr'><strong>deberes,</strong></span> <span class='ocrx_word' id='word_1_150' title='bbox 1075 1866 1106 1915; x_wconf 89' lang='lat' dir='ltr'><strong>et</strong></span> <span class='ocrx_word' id='word_1_151' title='bbox 1125 1855 1222 1928; x_wconf 89' lang='lat' dir='ltr'><strong>orion,</strong></span> <span class='ocrx_word' id='word_1_152' title='bbox 1243 1854 1362 1936; x_wconf 86' lang='lat' dir='ltr'><strong>signum</strong></span> <span class='ocrx_word' id='word_1_153' title='bbox 1384 1850 1494 1914; x_wconf 81' lang='lat' dir='ltr'><strong>celeste</strong></span> <span class='ocrx_word' id='word_1_154' title='bbox 1520 1866 1668 1916; x_wconf 85' lang='lat' dir='ltr'><strong>armatum</strong></span> 
     </span>
     <span class='ocr_line' id='line_1_15' title="bbox 383 1949 1669 2036; baseline -0.003 -20"><span class='ocrx_word' id='word_1_155' title='bbox 383 1966 476 2036; x_wconf 85' lang='lat' dir='ltr'><strong>spata,</strong></span> <span class='ocrx_word' id='word_1_156' title='bbox 487 1967 518 2015; x_wconf 88' lang='lat' dir='ltr'><strong>et</strong></span> <span class='ocrx_word' id='word_1_157' title='bbox 538 1967 581 2028; x_wconf 94' lang='lat' dir='ltr'><strong>tu,</strong></span> <span class='ocrx_word' id='word_1_158' title='bbox 597 1951 676 2026; x_wconf 87' lang='lat' dir='ltr'><strong>luna,</strong></span> <span class='ocrx_word' id='word_1_159' title='bbox 699 1950 813 2035; x_wconf 87' lang='lat' dir='ltr'><strong>perficis</strong></span> <span class='ocrx_word' id='word_1_160' title='bbox 834 1949 935 2013; x_wconf 88' lang='lat' dir='ltr'><strong>solitas</strong></span> <span class='ocrx_word' id='word_1_161' title='bbox 958 1952 1126 2013; x_wconf 76' lang='lat' dir='ltr'><strong>motiones?</strong></span> <span class='ocrx_word' id='word_1_162' title='bbox 1147 1967 1176 2014; x_wconf 92' lang='lat' dir='ltr'><strong>et</strong></span> <span class='ocrx_word' id='word_1_163' title='bbox 1198 1967 1242 2028; x_wconf 92' lang='lat' dir='ltr'><strong>tu,</strong></span> <span class='ocrx_word' id='word_1_164' title='bbox 1253 1953 1405 2035; x_wconf 90' lang='lat' dir='ltr'><strong>numptius</strong></span> <span class='ocrx_word' id='word_1_165' title='bbox 1426 1950 1515 2014; x_wconf 80' lang='lat' dir='ltr'><strong>velox</strong></span> <span class='ocrx_word' id='word_1_166' title='bbox 1532 1967 1562 2014; x_wconf 91' lang='lat' dir='ltr'><strong>et</strong></span> <span class='ocrx_word' id='word_1_167' title='bbox 1583 1953 1669 2014; x_wconf 91' lang='lat' dir='ltr'><strong>inter·</strong></span> 
     </span>
     <span class='ocr_line' id='line_1_16' title="bbox 385 2048 1669 2136; baseline -0.003 -21"><span class='ocrx_word' id='word_1_168' title='bbox 385 2073 450 2136; x_wconf 84' lang='lat' dir='ltr'><strong>pres</strong></span> <span class='ocrx_word' id='word_1_169' title='bbox 470 2052 594 2115; x_wconf 91' lang='lat' dir='ltr'><strong>deorum</strong></span> <span class='ocrx_word' id='word_1_170' title='bbox 616 2053 668 2113; x_wconf 85' lang='lat' dir='ltr'><strong>es?</strong></span> <span class='ocrx_word' id='word_1_171' title='bbox 688 2050 768 2133; x_wconf 90' lang='lat' dir='ltr'><strong>quod</strong></span> <span class='ocrx_word' id='word_1_172' title='bbox 790 2051 953 2113; x_wconf 89' lang='lat' dir='ltr'><strong>mercurius</strong></span> <span class='ocrx_word' id='word_1_173' title='bbox 975 2066 1019 2113; x_wconf 89' lang='lat' dir='ltr'><strong>est</strong></span> <span class='ocrx_word' id='word_1_174' title='bbox 1041 2052 1113 2112; x_wconf 89' lang='lat' dir='ltr'><strong>deus</strong></span> <span class='ocrx_word' id='word_1_175' title='bbox 1134 2048 1313 2135; x_wconf 88' lang='lat' dir='ltr'><strong>eloquentie.</strong></span> <span class='ocrx_word' id='word_1_176' title='bbox 1329 2066 1358 2113; x_wconf 95' lang='lat' dir='ltr'><strong>et</strong></span> <span class='ocrx_word' id='word_1_177' title='bbox 1380 2072 1483 2127; x_wconf 87' lang='lat' dir='ltr'><strong>venus,</strong></span> <span class='ocrx_word' id='word_1_178' title='bbox 1500 2050 1669 2134; x_wconf 83' lang='lat' dir='ltr'><strong>depositura</strong></span> 
     </span>
     <span class='ocr_line' id='line_1_17' title="bbox 361 2148 1669 2235; baseline -0.003 -20"><span class='ocrx_word' id='word_1_179' title='bbox 361 2162 493 2215; x_wconf 79' lang='lat' dir='ltr'><strong>‘nomen</strong></span> <span class='ocrx_word' id='word_1_180' title='bbox 514 2152 658 2226; x_wconf 73' lang='lat' dir='ltr'><strong>vicissim,</strong></span> <span class='ocrx_word' id='word_1_181' title='bbox 679 2151 748 2234; x_wconf 91' lang='lat' dir='ltr'><strong>quia</strong></span> <span class='ocrx_word' id='word_1_182' title='bbox 776 2170 869 2213; x_wconf 87' lang='lat' dir='ltr'><strong>venus</strong></span> <span class='ocrx_word' id='word_1_183' title='bbox 897 2148 1055 2233; x_wconf 87' lang='lat' dir='ltr'><strong>aliquando</strong></span> <span class='ocrx_word' id='word_1_184' title='bbox 1083 2164 1207 2213; x_wconf 86' lang='lat' dir='ltr'><strong>vocatus</strong></span> <span class='ocrx_word' id='word_1_185' title='bbox 1239 2149 1352 2226; x_wconf 87' lang='lat' dir='ltr'><strong>lucifer,</strong></span> <span class='ocrx_word' id='word_1_186' title='bbox 1373 2149 1531 2235; x_wconf 86' lang='lat' dir='ltr'><strong>aliquando</strong></span> <span class='ocrx_word' id='word_1_187' title='bbox 1556 2170 1669 2233; x_wconf 77' lang='lat' dir='ltr'><strong>uesper.</strong></span> 
     </span>
     <span class='ocr_line' id='line_1_18' title="bbox 384 2248 1670 2335; baseline -0.002 -21"><span class='ocrx_word' id='word_1_188' title='bbox 384 2271 467 2335; x_wconf 85' lang='lat' dir='ltr'><strong>ergo,</strong></span> <span class='ocrx_word' id='word_1_189' title='bbox 481 2270 500 2313; x_wconf 94' lang='grc' dir='ltr'><strong>ο</strong></span> <span class='ocrx_word' id='word_1_190' title='bbox 515 2250 670 2325; x_wconf 85' lang='lat' dir='ltr'><strong>Galatltea,</strong></span> <span class='ocrx_word' id='word_1_191' title='bbox 685 2252 763 2312; x_wconf 86' lang='lat' dir='ltr'><strong>iaces</strong></span> <span class='ocrx_word' id='word_1_192' title='bbox 784 2248 832 2313; x_wconf 89' lang='lat' dir='ltr'><strong>hic</strong></span> <span class='ocrx_word' id='word_1_193' title='bbox 858 2264 891 2312; x_wconf 89' lang='lat' dir='ltr'><strong>tu</strong></span> <span class='ocrx_word' id='word_1_194' title='bbox 914 2251 972 2311; x_wconf 91' lang='lat' dir='ltr'><strong>iam</strong></span> <span class='ocrx_word' id='word_1_195' title='bbox 994 2265 1070 2312; x_wconf 88' lang='lat' dir='ltr'><strong>terra</strong></span> <span class='ocrx_word' id='word_1_196' title='bbox 1093 2265 1122 2313; x_wconf 91' lang='lat' dir='ltr'><strong>et</strong></span> <span class='ocrx_word' id='word_1_197' title='bbox 1142 2252 1201 2313; x_wconf 84' lang='lat' dir='ltr'><strong>iam</strong></span> <span class='ocrx_word' id='word_1_198' title='bbox 1219 2251 1304 2326; x_wconf 90' lang='lat' dir='ltr'><strong>cinis,</strong></span> <span class='ocrx_word' id='word_1_199' title='bbox 1319 2251 1374 2311; x_wconf 92' lang='lat' dir='ltr'><strong>nisi</strong></span> <span class='ocrx_word' id='word_1_200' title='bbox 1396 2251 1456 2312; x_wconf 87' lang='lat' dir='ltr'><strong>iam</strong></span> <span class='ocrx_word' id='word_1_201' title='bbox 1476 2248 1552 2312; x_wconf 88' lang='lat' dir='ltr'><strong>forte</strong></span> <span class='ocrx_word' id='word_1_202' title='bbox 1571 2252 1670 2312; x_wconf 89' lang='lat' dir='ltr'><strong>anima</strong></span> 
     </span>
     <span class='ocr_line' id='line_1_19' title="bbox 385 2348 1671 2434; baseline -0.002 -21"><span class='ocrx_word' id='word_1_203' title='bbox 385 2364 430 2413; x_wconf 91' lang='lat' dir='ltr'><strong>est</strong></span> <span class='ocrx_word' id='word_1_204' title='bbox 450 2352 480 2413; x_wconf 92' lang='lat' dir='ltr'><strong>in</strong></span> <span class='ocrx_word' id='word_1_205' title='bbox 501 2348 582 2425; x_wconf 92' lang='lat' dir='ltr'><strong>celo;</strong></span> <span class='ocrx_word' id='word_1_206' title='bbox 604 2364 634 2412; x_wconf 93' lang='lat' dir='ltr'><strong>et</strong></span> <span class='ocrx_word' id='word_1_207' title='bbox 654 2348 722 2411; x_wconf 91' lang='lat' dir='ltr'><strong>inde</strong></span> <span class='ocrx_word' id='word_1_208' title='bbox 743 2368 778 2411; x_wconf 86' lang='lat' dir='ltr'><strong>ex</strong></span> <span class='ocrx_word' id='word_1_209' title='bbox 800 2348 849 2411; x_wconf 91' lang='lat' dir='ltr'><strong>illa</strong></span> <span class='ocrx_word' id='word_1_210' title='bbox 872 2350 993 2432; x_wconf 86' lang='lat' dir='ltr'><strong>regione</strong></span> <span class='ocrx_word' id='word_1_211' title='bbox 1014 2348 1080 2426; x_wconf 92' lang='lat' dir='ltr'><strong>celi,</strong></span> <span class='ocrx_word' id='word_1_212' title='bbox 1094 2352 1214 2434; x_wconf 91' lang='lat' dir='ltr'><strong>spiritus</strong></span> <span class='ocrx_word' id='word_1_213' title='bbox 1235 2348 1412 2434; x_wconf 88' lang='lat' dir='ltr'><strong>tranquillus</strong></span> <span class='ocrx_word' id='word_1_214' title='bbox 1434 2348 1515 2411; x_wconf 80' lang='lat' dir='ltr'><strong>sidet</strong></span> <span class='ocrx_word' id='word_1_215' title='bbox 1534 2368 1589 2411; x_wconf 87' lang='lat' dir='ltr'><strong>nos</strong></span> <span class='ocrx_word' id='word_1_216' title='bbox 1610 2349 1671 2432; x_wconf 75' lang='lat' dir='ltr'><strong>plo</strong></span> 
     </span>
     <span class='ocr_line' id='line_1_20' title="bbox 386 2446 1670 2533; baseline -0.002 -21"><span class='ocrx_word' id='word_1_217' title='bbox 386 2463 483 2512; x_wconf 87' lang='lat' dir='ltr'><strong>rantes</strong></span> <span class='ocrx_word' id='word_1_218' title='bbox 511 2464 639 2511; x_wconf 89' lang='lat' dir='ltr'><strong>mortem</strong></span> <span class='ocrx_word' id='word_1_219' title='bbox 661 2449 732 2510; x_wconf 90' lang='lat' dir='ltr'><strong>eius.</strong></span> <span class='ocrx_word' id='word_1_220' title='bbox 755 2446 827 2510; x_wconf 88' lang='lat' dir='ltr'><strong>nihil</strong></span> <span class='ocrx_word' id='word_1_221' title='bbox 849 2447 939 2510; x_wconf 91' lang='lat' dir='ltr'><strong>michi</strong></span> <span class='ocrx_word' id='word_1_222' title='bbox 969 2449 1143 2532; x_wconf 84' lang='lat' dir='ltr'><strong>respondes,</strong></span> <span class='ocrx_word' id='word_1_223' title='bbox 1165 2469 1231 2533; x_wconf 89' lang='lat' dir='ltr'><strong>pars</strong></span> <span class='ocrx_word' id='word_1_224' title='bbox 1251 2450 1350 2511; x_wconf 89' lang='lat' dir='ltr'><strong>anime</strong></span> <span class='ocrx_word' id='word_1_225' title='bbox 1381 2463 1482 2510; x_wconf 90' lang='lat' dir='ltr'><strong>nostre</strong></span> <span class='ocrx_word' id='word_1_226' title='bbox 1502 2462 1533 2511; x_wconf 87' lang='lat' dir='ltr'><strong>et</strong></span> <span class='ocrx_word' id='word_1_227' title='bbox 1558 2449 1670 2531; x_wconf 85' lang='lat' dir='ltr'><strong>optima</strong></span> 
     </span>
     <span class='ocr_line' id='line_1_21' title="bbox 387 2533 1671 2633; baseline -0.002 -22"><span class='ocrx_word' id='word_1_228' title='bbox 387 2550 476 2633; x_wconf 82' lang='lat' dir='ltr'><strong>pars?</strong></span> <span class='ocrx_word' id='word_1_229' title='bbox 497 2563 527 2611; x_wconf 92' lang='lat' dir='ltr'><strong>et</strong></span> <span class='ocrx_word' id='word_1_230' title='bbox 547 2568 600 2611; x_wconf 82' lang='lat' dir='ltr'><strong>vos</strong></span> <span class='ocrx_word' id='word_1_231' title='bbox 620 2568 747 2621; x_wconf 92' lang='lat' dir='ltr'><strong>sorores,</strong></span> <span class='ocrx_word' id='word_1_232' title='bbox 769 2546 885 2609; x_wconf 87' lang='lat' dir='ltr'><strong>adibete</strong></span> <span class='ocrx_word' id='word_1_233' title='bbox 906 2568 1011 2610; x_wconf 88' lang='lat' dir='ltr'><strong>manos</strong></span> <span class='ocrx_word' id='word_1_234' title='bbox 1034 2550 1181 2631; x_wconf 82' lang='lat' dir='ltr'><strong>precanti,</strong></span> <span class='ocrx_word' id='word_1_235' title='bbox 1202 2549 1227 2610; x_wconf 89' lang='lat' dir='ltr'><strong>si</strong></span> <span class='ocrx_word' id='word_1_236' title='bbox 1248 2533 1345 2611; x_wconf 83' lang='lat' dir='ltr'><strong>habeo</strong></span> <span class='ocrx_word' id='word_1_237' title='bbox 1365 2568 1449 2630; x_wconf 89' lang='lat' dir='ltr'><strong>spem</strong></span> <span class='ocrx_word' id='word_1_238' title='bbox 1469 2548 1500 2609; x_wconf 88' lang='lat' dir='ltr'><strong>in</strong></span> <span class='ocrx_word' id='word_1_239' title='bbox 1520 2545 1621 2622; x_wconf 84' lang='lat' dir='ltr'><strong>vobis,</strong></span> <span class='ocrx_word' id='word_1_240' title='bbox 1642 2561 1671 2608; x_wconf 93' lang='lat' dir='ltr'><strong>et</strong></span> 
     </span>
     <span class='ocr_line' id='line_1_22' title="bbox 386 2644 1672 2732; baseline -0.002 -22"><span class='ocrx_word' id='word_1_241' title='bbox 386 2648 411 2710; x_wconf 94' lang='lat' dir='ltr'><strong>si</strong></span> <span class='ocrx_word' id='word_1_242' title='bbox 432 2646 529 2732; x_wconf 89' lang='lat' dir='ltr'><strong>aliqua</strong></span> <span class='ocrx_word' id='word_1_243' title='bbox 550 2646 616 2730; x_wconf 83' lang='lat' dir='ltr'><strong>spe&#39;s</strong></span> <span class='ocrx_word' id='word_1_244' title='bbox 638 2661 682 2709; x_wconf 88' lang='lat' dir='ltr'><strong>est</strong></span> <span class='ocrx_word' id='word_1_245' title='bbox 713 2648 743 2708; x_wconf 88' lang='lat' dir='ltr'><strong>in</strong></span> <span class='ocrx_word' id='word_1_246' title='bbox 765 2646 876 2708; x_wconf 90' lang='lat' dir='ltr'><strong>mundo</strong></span> <span class='ocrx_word' id='word_1_247' title='bbox 898 2661 928 2708; x_wconf 90' lang='lat' dir='ltr'><strong>et</strong></span> <span class='ocrx_word' id='word_1_248' title='bbox 949 2649 1066 2709; x_wconf 88' lang='lat' dir='ltr'><strong>caritas.</strong></span> <span class='ocrx_word' id='word_1_249' title='bbox 1088 2646 1161 2709; x_wconf 82' lang='lat' dir='ltr'><strong>lieu!</strong></span> <span class='ocrx_word' id='word_1_250' title='bbox 1183 2668 1242 2731; x_wconf 89' lang='lat' dir='ltr'><strong>qua</strong></span> <span class='ocrx_word' id='word_1_251' title='bbox 1263 2662 1327 2709; x_wconf 89' lang='lat' dir='ltr'><strong>arte</strong></span> <span class='ocrx_word' id='word_1_252' title='bbox 1348 2667 1405 2729; x_wconf 88' lang='lat' dir='ltr'><strong>ego</strong></span> <span class='ocrx_word' id='word_1_253' title='bbox 1427 2666 1506 2710; x_wconf 89' lang='lat' dir='ltr'><strong>nunc</strong></span> <span class='ocrx_word' id='word_1_254' title='bbox 1534 2644 1672 2709; x_wconf 81' lang='lat' dir='ltr'><strong>revellem</strong></span> 
     </span>
     <span class='ocr_line' id='line_1_23' title="bbox 387 2745 1672 2832; baseline -0.003 -21"><span class='ocrx_word' id='word_1_255' title='bbox 387 2747 514 2832; x_wconf 76' lang='lat' dir='ltr'><strong>lapidem</strong></span> <span class='ocrx_word' id='word_1_256' title='bbox 528 2746 673 2830; x_wconf 87' lang='lat' dir='ltr'><strong>sepulcri?</strong></span> <span class='ocrx_word' id='word_1_257' title='bbox 695 2767 751 2829; x_wconf 85' lang='lat' dir='ltr'><strong>ego</strong></span> <span class='ocrx_word' id='word_1_258' title='bbox 774 2748 884 2809; x_wconf 89' lang='lat' dir='ltr'><strong>irruam</strong></span> <span class='ocrx_word' id='word_1_259' title='bbox 905 2748 934 2809; x_wconf 91' lang='lat' dir='ltr'><strong>in</strong></span> <span class='ocrx_word' id='word_1_260' title='bbox 956 2768 1064 2829; x_wconf 90' lang='lat' dir='ltr'><strong>corpus</strong></span> <span class='ocrx_word' id='word_1_261' title='bbox 1085 2763 1115 2808; x_wconf 87' lang='lat' dir='ltr'><strong>et</strong></span> <span class='ocrx_word' id='word_1_262' title='bbox 1129 2768 1186 2829; x_wconf 83' lang='lat' dir='ltr'><strong>ego</strong></span> <span class='ocrx_word' id='word_1_263' title='bbox 1203 2745 1360 2829; x_wconf 79' lang='lat' dir='ltr'><strong>reportabo</strong></span> <span class='ocrx_word' id='word_1_264' title='bbox 1382 2745 1412 2807; x_wconf 90' lang='lat' dir='ltr'><strong>id</strong></span> <span class='ocrx_word' id='word_1_265' title='bbox 1425 2767 1533 2830; x_wconf 89' lang='lat' dir='ltr'><strong>corpus</strong></span> <span class='ocrx_word' id='word_1_266' title='bbox 1555 2761 1584 2808; x_wconf 92' lang='lat' dir='ltr'><strong>et</strong></span> <span class='ocrx_word' id='word_1_267' title='bbox 1605 2766 1672 2828; x_wconf 84' lang='lat' dir='ltr'><strong>ego,</strong></span> 
     </span>
     <span class='ocr_line' id='line_1_24' title="bbox 387 2844 1672 2929; baseline -0.003 -19"><span class='ocrx_word' id='word_1_268' title='bbox 387 2847 491 2911; x_wconf 90' lang='lat' dir='ltr'><strong>similis</strong></span> <span class='ocrx_word' id='word_1_269' title='bbox 513 2844 781 2924; x_wconf 35' lang='lat' dir='ltr'><strong>morienti,‚feram</strong></span> <span class='ocrx_word' id='word_1_270' title='bbox 802 2866 910 2929; x_wconf 87' lang='lat' dir='ltr'><strong>corpus</strong></span> <span class='ocrx_word' id='word_1_271' title='bbox 932 2848 961 2909; x_wconf 94' lang='lat' dir='ltr'><strong>in</strong></span> <span class='ocrx_word' id='word_1_272' title='bbox 983 2847 1111 2909; x_wconf 84' lang='lat' dir='ltr'><strong>sacrario</strong></span> <span class='ocrx_word' id='word_1_273' title='bbox 1140 2866 1231 2929; x_wconf 85' lang='lat' dir='ltr'><strong>parvo</strong></span> <span class='ocrx_word' id='word_1_274' title='bbox 1252 2860 1283 2908; x_wconf 91' lang='lat' dir='ltr'><strong>et</strong></span> <span class='ocrx_word' id='word_1_275' title='bbox 1303 2845 1410 2907; x_wconf 86' lang='lat' dir='ltr'><strong>addam</strong></span> <span class='ocrx_word' id='word_1_276' title='bbox 1431 2859 1461 2907; x_wconf 94' lang='lat' dir='ltr'><strong>et</strong></span> <span class='ocrx_word' id='word_1_277' title='bbox 1483 2863 1621 2928; x_wconf 89' lang='lat' dir='ltr'><strong>reponam</strong></span> <span class='ocrx_word' id='word_1_278' title='bbox 1643 2845 1672 2906; x_wconf 93' lang='lat' dir='ltr'><strong>id</strong></span> 
     </span>
     <span class='ocr_line' id='line_1_25' title="bbox 387 2943 1674 3031; baseline -0.005 -21"><span class='ocrx_word' id='word_1_279' title='bbox 387 2967 495 3031; x_wconf 90' lang='lat' dir='ltr'><strong>corpus</strong></span> <span class='ocrx_word' id='word_1_280' title='bbox 510 2948 541 3009; x_wconf 88' lang='lat' dir='ltr'><strong>in</strong></span> <span class='ocrx_word' id='word_1_281' title='bbox 561 2946 679 3030; x_wconf 90' lang='lat' dir='ltr'><strong>templis</strong></span> <span class='ocrx_word' id='word_1_282' title='bbox 699 2946 824 3008; x_wconf 88' lang='lat' dir='ltr'><strong>deorum</strong></span> <span class='ocrx_word' id='word_1_283' title='bbox 846 2963 875 3008; x_wconf 89' lang='lat' dir='ltr'><strong>et</strong></span> <span class='ocrx_word' id='word_1_284' title='bbox 895 2946 999 3008; x_wconf 82' lang='lat' dir='ltr'><strong>addam</strong></span> <span class='ocrx_word' id='word_1_285' title='bbox 1022 2960 1180 3028; x_wconf 88' lang='lat' dir='ltr'><strong>perpetuos</strong></span> <span class='ocrx_word' id='word_1_286' title='bbox 1201 2945 1330 3008; x_wconf 87' lang='lat' dir='ltr'><strong>honores</strong></span> <span class='ocrx_word' id='word_1_287' title='bbox 1350 2964 1426 3029; x_wconf 87' lang='lat' dir='ltr'><strong>quos</strong></span> <span class='ocrx_word' id='word_1_288' title='bbox 1451 2945 1579 3007; x_wconf 82' lang='lat' dir='ltr'><strong>arundus</strong></span> <span class='ocrx_word' id='word_1_289' title='bbox 1599 2943 1674 3006; x_wconf 90' lang='lat' dir='ltr'><strong>cele-</strong></span> 
     </span>
     <span class='ocr_line' id='line_1_26' title="bbox 388 3045 1673 3130; baseline -0.003 -21"><span class='ocrx_word' id='word_1_290' title='bbox 388 3045 439 3109; x_wconf 89' lang='lat' dir='ltr'><strong>bre</strong></span> <span class='ocrx_word' id='word_1_291' title='bbox 459 3063 604 3130; x_wconf 91' lang='lat' dir='ltr'><strong>perpetuo</strong></span> <span class='ocrx_word' id='word_1_292' title='bbox 611 3070 620 3123; x_wconf 90' lang='lat'>;</span> <span class='ocrx_word' id='word_1_293' title='bbox 648 3062 678 3108; x_wconf 94' lang='lat' dir='ltr'><strong>et</strong></span> <span class='ocrx_word' id='word_1_294' title='bbox 697 3046 804 3109; x_wconf 88' lang='lat' dir='ltr'><strong>addam</strong></span> <span class='ocrx_word' id='word_1_295' title='bbox 825 3046 972 3127; x_wconf 79' lang='lat' dir='ltr'><strong>virgineas</strong></span> <span class='ocrx_word' id='word_1_296' title='bbox 1003 3046 1160 3107; x_wconf 86' lang='lat' dir='ltr'><strong>societates</strong></span> <span class='ocrx_word' id='word_1_297' title='bbox 1192 3060 1222 3107; x_wconf 89' lang='lat' dir='ltr'><strong>et</strong></span> <span class='ocrx_word' id='word_1_298' title='bbox 1249 3066 1336 3108; x_wconf 89' lang='lat' dir='ltr'><strong>coros</strong></span> <span class='ocrx_word' id='word_1_299' title='bbox 1365 3045 1514 3127; x_wconf 77' lang='lat' dir='ltr'><strong>virgineos</strong></span> <span class='ocrx_word' id='word_1_300' title='bbox 1535 3058 1565 3105; x_wconf 91' lang='lat' dir='ltr'><strong>et</strong></span> <span class='ocrx_word' id='word_1_301' title='bbox 1591 3064 1673 3106; x_wconf 87' lang='lat' dir='ltr'><strong>sacra</strong></span> 
     </span>
     <span class='ocr_line' id='line_1_27' title="bbox 360 3142 1698 3223; baseline -0.003 -15"><span class='ocrx_word' id='word_1_302' title='bbox 360 3180 365 3188; x_wconf 93' lang='lat'><strong>·</strong></span> <span class='ocrx_word' id='word_1_303' title='bbox 388 3145 519 3210; x_wconf 86' lang='lat' dir='ltr'><strong>facienda</strong></span> <span class='ocrx_word' id='word_1_304' title='bbox 542 3146 606 3223; x_wconf 92' lang='lat' dir='ltr'><strong>tibi,</strong></span> <span class='ocrx_word' id='word_1_305' title='bbox 627 3163 657 3209; x_wconf 90' lang='lat' dir='ltr'><strong>et</strong></span> <span class='ocrx_word' id='word_1_306' title='bbox 677 3147 830 3208; x_wconf 85' lang='lat' dir='ltr'><strong>instituam</strong></span> <span class='ocrx_word' id='word_1_307' title='bbox 851 3165 934 3206; x_wconf 89' lang='lat' dir='ltr'><strong>sacra</strong></span> <span class='ocrx_word' id='word_1_308' title='bbox 956 3144 1019 3220; x_wconf 92' lang='lat' dir='ltr'><strong>tibi,</strong></span> <span class='ocrx_word' id='word_1_309' title='bbox 1038 3145 1102 3220; x_wconf 90' lang='lat' dir='ltr'><strong>dee,</strong></span> <span class='ocrx_word' id='word_1_310' title='bbox 1124 3160 1154 3207; x_wconf 91' lang='lat' dir='ltr'><strong>et</strong></span> <span class='ocrx_word' id='word_1_311' title='bbox 1175 3145 1455 3220; x_wconf 74' lang='lat' dir='ltr'><strong>lumina··accensa;‘</strong></span> <span class='ocrx_word' id='word_1_312' title='bbox 1471 3163 1531 3206; x_wconf 91' lang='lat' dir='ltr'><strong>non</strong></span> <span class='ocrx_word' id='word_1_313' title='bbox 1551 3142 1674 3205; x_wconf 87' lang='lat' dir='ltr'><strong>deerunt</strong></span> <span class='ocrx_word' id='word_1_314' title='bbox 1696 3160 1698 3164; x_wconf 84' lang='lat'>·</span> 
     </span>
     <span class='ocr_line' id='line_1_28' title="bbox 388 3242 1674 3328; baseline -0.003 -19"><span class='ocrx_word' id='word_1_315' title='bbox 388 3246 442 3309; x_wconf 92' lang='lat' dir='ltr'><strong>tibi</strong></span> <span class='ocrx_word' id='word_1_316' title='bbox 464 3248 595 3309; x_wconf 88' lang='lat' dir='ltr'><strong>cannina</strong></span> <span class='ocrx_word' id='word_1_317' title='bbox 613 3246 782 3308; x_wconf 84' lang='lat' dir='ltr'><strong>&#39;resonantia</strong></span> <span class='ocrx_word' id='word_1_318' title='bbox 803 3266 819 3306; x_wconf 89' lang='lat' dir='ltr'><strong>a</strong></span> <span class='ocrx_word' id='word_1_319' title='bbox 842 3243 931 3327; x_wconf 87' lang='lat' dir='ltr'><strong>longe</strong></span> <span class='ocrx_word' id='word_1_320' title='bbox 953 3259 982 3307; x_wconf 91' lang='lat' dir='ltr'><strong>et</strong></span> <span class='ocrx_word' id='word_1_321' title='bbox 1002 3243 1072 3306; x_wconf 91' lang='lat' dir='ltr'><strong>late.</strong></span> <span class='ocrx_word' id='word_1_322' title='bbox 1094 3247 1177 3307; x_wconf 89' lang='lat' dir='ltr'><strong>Heu!</strong></span> <span class='ocrx_word' id='word_1_323' title='bbox 1200 3244 1291 3307; x_wconf 88' lang='lat' dir='ltr'><strong>michi</strong></span> <span class='ocrx_word' id='word_1_324' title='bbox 1312 3243 1472 3328; x_wconf 88' lang='lat' dir='ltr'><strong>predurum</strong></span> <span class='ocrx_word' id='word_1_325' title='bbox 1496 3242 1622 3325; x_wconf 86' lang='lat' dir='ltr'><strong>lapidem</strong></span> <span class='ocrx_word' id='word_1_326' title='bbox 1645 3258 1674 3305; x_wconf 88' lang='lat' dir='ltr'><strong>ct</strong></span> 
     </span>
     <span class='ocr_line' id='line_1_29' title="bbox 390 3342 1430 3429; baseline -0.003 -22"><span class='ocrx_word' id='word_1_327' title='bbox 390 3365 480 3429; x_wconf 84' lang='lat' dir='ltr'><strong>grave</strong></span> <span class='ocrx_word' id='word_1_328' title='bbox 501 3343 617 3428; x_wconf 90' lang='lat' dir='ltr'><strong>pondus</strong></span> <span class='ocrx_word' id='word_1_329' title='bbox 638 3361 668 3406; x_wconf 94' lang='lat' dir='ltr'><strong>et</strong></span> <span class='ocrx_word' id='word_1_330' title='bbox 689 3342 792 3405; x_wconf 89' lang='lat' dir='ltr'><strong>inutile</strong></span> <span class='ocrx_word' id='word_1_331' title='bbox 812 3342 922 3405; x_wconf 90' lang='lat' dir='ltr'><strong>michil</strong></span> <span class='ocrx_word' id='word_1_332' title='bbox 946 3364 1002 3426; x_wconf 83' lang='lat' dir='ltr'><strong>ego</strong></span> <span class='ocrx_word' id='word_1_333' title='bbox 1023 3342 1129 3406; x_wconf 87' lang='lat' dir='ltr'><strong>deficio</strong></span> <span class='ocrx_word' id='word_1_334' title='bbox 1151 3343 1206 3405; x_wconf 91' lang='lat' dir='ltr'><strong>sub</strong></span> <span class='ocrx_word' id='word_1_335' title='bbox 1226 3343 1338 3406; x_wconf 89' lang='lat' dir='ltr'><strong>honere</strong></span> <span class='ocrx_word' id='word_1_336' title='bbox 1358 3344 1430 3405; x_wconf 85' lang='lat' dir='ltr'><strong>saxi.</strong></span> 
     </span>
    </p>

    <p class='ocr_par' dir='ltr' id='par_1_3' title="bbox 392 3439 1683 4719">
     <span class='ocr_line' id='line_1_30' title="bbox 473 3439 1675 3529; baseline -0.005 -22"><span class='ocrx_word' id='word_1_337' title='bbox 473 3445 586 3529; x_wconf 52' lang='lat' dir='ltr'><strong>Sarga</strong></span> <span class='ocrx_word' id='word_1_338' title='bbox 607 3442 776 3527; x_wconf 86' lang='lat' dir='ltr'><strong>Respondet</strong></span> <span class='ocrx_word' id='word_1_339' title='bbox 796 3441 876 3504; x_wconf 82' lang='lat' dir='ltr'><strong>fusca</strong></span> <span class='ocrx_word' id='word_1_340' title='bbox 899 3457 928 3505; x_wconf 92' lang='lat' dir='ltr'><strong>et</strong></span> <span class='ocrx_word' id='word_1_341' title='bbox 948 3443 1039 3505; x_wconf 88' lang='lat' dir='ltr'><strong>dicit:</strong></span> <span class='ocrx_word' id='word_1_342' title='bbox 1062 3458 1138 3505; x_wconf 90' lang='lat' dir='ltr'><strong>esset</strong></span> <span class='ocrx_word' id='word_1_343' title='bbox 1160 3444 1247 3505; x_wconf 89' lang='lat' dir='ltr'><strong>nimis</strong></span> <span class='ocrx_word' id='word_1_344' title='bbox 1275 3441 1436 3505; x_wconf 89' lang='lat' dir='ltr'><strong>absurdum</strong></span> <span class='ocrx_word' id='word_1_345' title='bbox 1457 3439 1675 3504; x_wconf 89' lang='lat' dir='ltr'><strong>commaculare</strong></span> 
     </span>
     <span class='ocr_line' id='line_1_31' title="bbox 392 3539 1676 3626; baseline -0.004 -20"><span class='ocrx_word' id='word_1_346' title='bbox 392 3558 540 3606; x_wconf 89' lang='lat' dir='ltr'><strong>sacratum</strong></span> <span class='ocrx_word' id='word_1_347' title='bbox 561 3563 668 3626; x_wconf 89' lang='lat' dir='ltr'><strong>corpus</strong></span> <span class='ocrx_word' id='word_1_348' title='bbox 690 3541 831 3604; x_wconf 83' lang='lat' dir='ltr'><strong>cadavere</strong></span> <span class='ocrx_word' id='word_1_349' title='bbox 852 3556 991 3617; x_wconf 90' lang='lat' dir='ltr'><strong>mortuo;</strong></span> <span class='ocrx_word' id='word_1_350' title='bbox 1013 3562 1046 3603; x_wconf 87' lang='lat' dir='ltr'><strong>ea</strong></span> <span class='ocrx_word' id='word_1_351' title='bbox 1068 3562 1126 3625; x_wconf 90' lang='lat' dir='ltr'><strong>que</strong></span> <span class='ocrx_word' id='word_1_352' title='bbox 1154 3557 1224 3605; x_wconf 91' lang='lat' dir='ltr'><strong>sunt</strong></span> <span class='ocrx_word' id='word_1_353' title='bbox 1244 3543 1390 3625; x_wconf 88' lang='lat' dir='ltr'><strong>presentia</strong></span> <span class='ocrx_word' id='word_1_354' title='bbox 1417 3539 1553 3625; x_wconf 86' lang='lat' dir='ltr'><strong>placeant</strong></span> <span class='ocrx_word' id='word_1_355' title='bbox 1573 3540 1625 3602; x_wconf 90' lang='lat' dir='ltr'><strong>tibi</strong></span> <span class='ocrx_word' id='word_1_356' title='bbox 1647 3556 1676 3601; x_wconf 93' lang='lat' dir='ltr'><strong>et</strong></span> 
     </span>
     <span class='ocr_line' id='line_1_32' title="bbox 392 3638 1675 3726; baseline -0.004 -21"><span class='ocrx_word' id='word_1_357' title='bbox 392 3641 498 3705; x_wconf 87' lang='lat' dir='ltr'><strong>frustra</strong></span> <span class='ocrx_word' id='word_1_358' title='bbox 520 3658 655 3726; x_wconf 86' lang='lat' dir='ltr'><strong>expectes</strong></span> <span class='ocrx_word' id='word_1_359' title='bbox 676 3642 824 3725; x_wconf 84' lang='lat' dir='ltr'><strong>preterita.</strong></span> <span class='ocrx_word' id='word_1_360' title='bbox 845 3676 866 3688; x_wconf 93' lang='lat'>-</span> <span class='ocrx_word' id='word_1_361' title='bbox 887 3642 1024 3704; x_wconf 74' lang='lat' dir='ltr'><strong>Partitis:</strong></span> <span class='ocrx_word' id='word_1_362' title='bbox 1046 3642 1216 3725; x_wconf 86' lang='lat' dir='ltr'><strong>Respondet</strong></span> <span class='ocrx_word' id='word_1_363' title='bbox 1236 3644 1345 3704; x_wconf 75' lang='lat' dir='ltr'><strong>fusca:</strong></span> <span class='ocrx_word' id='word_1_364' title='bbox 1368 3642 1579 3724; x_wconf 85' lang='lat' dir='ltr'><strong>temperantius</strong></span> <span class='ocrx_word' id='word_1_365' title='bbox 1600 3638 1675 3701; x_wconf 89' lang='lat' dir='ltr'><strong>dole.</strong></span> 
     </span>
     <span class='ocr_line' id='line_1_33' title="bbox 392 3738 1678 3824; baseline -0.002 -21"><span class='ocrx_word' id='word_1_366' title='bbox 392 3762 462 3805; x_wconf 87' lang='lat' dir='ltr'><strong>ecce</strong></span> <span class='ocrx_word' id='word_1_367' title='bbox 482 3743 569 3805; x_wconf 89' lang='lat' dir='ltr'><strong>istam</strong></span> <span class='ocrx_word' id='word_1_368' title='bbox 587 3761 730 3818; x_wconf 89' lang='lat' dir='ltr'><strong>sororem,</strong></span> <span class='ocrx_word' id='word_1_369' title='bbox 744 3761 797 3803; x_wconf 90' lang='lat' dir='ltr'><strong>seu</strong></span> <span class='ocrx_word' id='word_1_370' title='bbox 811 3738 964 3824; x_wconf 83' lang='lat' dir='ltr'><strong>fulgidam,</strong></span> <span class='ocrx_word' id='word_1_371' title='bbox 978 3762 1037 3824; x_wconf 90' lang='lat' dir='ltr'><strong>quc</strong></span> <span class='ocrx_word' id='word_1_372' title='bbox 1051 3758 1095 3803; x_wconf 87' lang='lat' dir='ltr'><strong>est</strong></span> <span class='ocrx_word' id='word_1_373' title='bbox 1111 3744 1185 3804; x_wconf 88' lang='lat' dir='ltr'><strong>ratio</strong></span> <span class='ocrx_word' id='word_1_374' title='bbox 1200 3741 1380 3817; x_wconf 88' lang='lat' dir='ltr'><strong>illuminans,</strong></span> <span class='ocrx_word' id='word_1_375' title='bbox 1398 3760 1456 3823; x_wconf 91' lang='lat' dir='ltr'><strong>que</strong></span> <span class='ocrx_word' id='word_1_376' title='bbox 1477 3738 1678 3803; x_wconf 88' lang='lat' dir='ltr'><strong>consolabitur</strong></span> 
     </span>
     <span class='ocr_line' id='line_1_34' title="bbox 393 3836 1677 3924; baseline -0.003 -21"><span class='ocrx_word' id='word_1_377' title='bbox 393 3861 447 3903; x_wconf 92' lang='lat' dir='ltr'><strong>nos</strong></span> <span class='ocrx_word' id='word_1_378' title='bbox 462 3854 492 3902; x_wconf 90' lang='lat' dir='ltr'><strong>et</strong></span> <span class='ocrx_word' id='word_1_379' title='bbox 512 3838 672 3924; x_wconf 85' lang='lat' dir='ltr'><strong>gastigabit</strong></span> <span class='ocrx_word' id='word_1_380' title='bbox 693 3855 759 3922; x_wconf 84' lang='lat' dir='ltr'><strong>tuas</strong></span> <span class='ocrx_word' id='word_1_381' title='bbox 779 3839 915 3923; x_wconf 89' lang='lat' dir='ltr'><strong>querelas</strong></span> <span class='ocrx_word' id='word_1_382' title='bbox 936 3841 1089 3902; x_wconf 89' lang='lat' dir='ltr'><strong>moderata</strong></span> <span class='ocrx_word' id='word_1_383' title='bbox 1110 3840 1216 3903; x_wconf 90' lang='lat' dir='ltr'><strong>fronte.</strong></span> <span class='ocrx_word' id='word_1_384' title='bbox 1231 3874 1251 3886; x_wconf 93' lang='lat'>-</span> <span class='ocrx_word' id='word_1_385' title='bbox 1267 3838 1348 3915; x_wconf 86' lang='lat' dir='ltr'><strong>Quid</strong></span> <span class='ocrx_word' id='word_1_386' title='bbox 1354 3841 1387 3899; x_wconf 90' lang='lat'><strong>?:</strong></span> <span class='ocrx_word' id='word_1_387' title='bbox 1409 3838 1541 3923; x_wconf 91' lang='lat' dir='ltr'><strong>loquitur</strong></span> <span class='ocrx_word' id='word_1_388' title='bbox 1554 3836 1677 3920; x_wconf 76' lang='lat' dir='ltr'><strong>fulgida</strong></span> 
     </span>
     <span class='ocr_line' id='line_1_35' title="bbox 393 3936 1677 4023; baseline -0.003 -21"><span class='ocrx_word' id='word_1_389' title='bbox 393 3954 424 4003; x_wconf 94' lang='lat' dir='ltr'><strong>et</strong></span> <span class='ocrx_word' id='word_1_390' title='bbox 444 3940 534 4003; x_wconf 90' lang='lat' dir='ltr'><strong>dicit:</strong></span> <span class='ocrx_word' id='word_1_391' title='bbox 556 3939 637 4023; x_wconf 89' lang='lat' dir='ltr'><strong>quid,</strong></span> <span class='ocrx_word' id='word_1_392' title='bbox 659 3939 735 4002; x_wconf 91' lang='lat' dir='ltr'><strong>idest</strong></span> <span class='ocrx_word' id='word_1_393' title='bbox 762 3960 816 4003; x_wconf 89' lang='lat' dir='ltr'><strong>cur</strong></span> <span class='ocrx_word' id='word_1_394' title='bbox 836 3960 900 4015; x_wconf 80' lang='lat' dir='ltr'><strong>sos,</strong></span> <span class='ocrx_word' id='word_1_395' title='bbox 923 3941 1040 4017; x_wconf 92' lang='lat' dir='ltr'><strong>misere,</strong></span> <span class='ocrx_word' id='word_1_396' title='bbox 1062 3960 1131 4003; x_wconf 91' lang='lat' dir='ltr'><strong>ecce</strong></span> <span class='ocrx_word' id='word_1_397' title='bbox 1152 3939 1228 4001; x_wconf 88' lang='lat' dir='ltr'><strong>fletis</strong></span> <span class='ocrx_word' id='word_1_398' title='bbox 1257 3936 1393 4001; x_wconf 89' lang='lat' dir='ltr'><strong>mortalia</strong></span> <span class='ocrx_word' id='word_1_399' title='bbox 1415 3953 1477 4000; x_wconf 90' lang='lat' dir='ltr'><strong>tam</strong></span> <span class='ocrx_word' id='word_1_400' title='bbox 1499 3938 1637 4022; x_wconf 72' lang='lat' dir='ltr'><strong>graviter,</strong></span> <span class='ocrx_word' id='word_1_401' title='bbox 1658 3956 1677 3997; x_wconf 91' lang='lat' dir='ltr'><strong>o</strong></span> 
     </span>
     <span class='ocr_line' id='line_1_36' title="bbox 394 4036 1678 4123; baseline -0.004 -21"><span class='ocrx_word' id='word_1_402' title='bbox 394 4036 523 4123; x_wconf 85' lang='lat' dir='ltr'><strong>Nyobe?</strong></span> <span class='ocrx_word' id='word_1_403' title='bbox 552 4037 637 4112; x_wconf 90' lang='lat' dir='ltr'><strong>Quid</strong></span> <span class='ocrx_word' id='word_1_404' title='bbox 665 4037 786 4121; x_wconf 90' lang='lat' dir='ltr'><strong>ploras?</strong></span> <span class='ocrx_word' id='word_1_405' title='bbox 813 4042 885 4121; x_wconf 93' lang='lat' dir='ltr'><strong>quin</strong></span> <span class='ocrx_word' id='word_1_406' title='bbox 917 4040 1015 4122; x_wconf 90' lang='lat' dir='ltr'><strong>potius</strong></span> <span class='ocrx_word' id='word_1_407' title='bbox 1047 4041 1144 4122; x_wconf 90' lang='lat' dir='ltr'><strong>incipe</strong></span> <span class='ocrx_word' id='word_1_408' title='bbox 1174 4039 1340 4101; x_wconf 87' lang='lat' dir='ltr'><strong>substinere</strong></span> <span class='ocrx_word' id='word_1_409' title='bbox 1370 4039 1464 4100; x_wconf 84' lang='lat' dir='ltr'><strong>vitam</strong></span> <span class='ocrx_word' id='word_1_410' title='bbox 1491 4056 1678 4121; x_wconf 89' lang='lat' dir='ltr'><strong>quacumque</strong></span> 
     </span>
     <span class='ocr_line' id='line_1_37' title="bbox 393 4136 1678 4221; baseline -0.005 -20"><span class='ocrx_word' id='word_1_411' title='bbox 393 4137 509 4201; x_wconf 89' lang='lat' dir='ltr'><strong>fortuna</strong></span> <span class='ocrx_word' id='word_1_412' title='bbox 530 4136 611 4199; x_wconf 87' lang='lat' dir='ltr'><strong>dedit</strong></span> <span class='ocrx_word' id='word_1_413' title='bbox 632 4137 716 4199; x_wconf 88' lang='lat' dir='ltr'><strong>tibi...</strong></span> <span class='ocrx_word' id='word_1_414' title='bbox 739 4140 790 4201; x_wconf 89' lang='lat' dir='ltr'><strong>Set</strong></span> <span class='ocrx_word' id='word_1_415' title='bbox 810 4137 881 4221; x_wconf 91' lang='lat' dir='ltr'><strong>quid</strong></span> <span class='ocrx_word' id='word_1_416' title='bbox 910 4153 941 4199; x_wconf 92' lang='lat' dir='ltr'><strong>tu</strong></span> <span class='ocrx_word' id='word_1_417' title='bbox 964 4137 1062 4215; x_wconf 84' lang='lat' dir='ltr'><strong>facins,</strong></span> <span class='ocrx_word' id='word_1_418' title='bbox 1084 4139 1192 4201; x_wconf 92' lang='lat' dir='ltr'><strong>durum</strong></span> <span class='ocrx_word' id='word_1_419' title='bbox 1219 4152 1263 4200; x_wconf 88' lang='lat' dir='ltr'><strong>est</strong></span> <span class='ocrx_word' id='word_1_420' title='bbox 1284 4152 1389 4200; x_wconf 86' lang='lat' dir='ltr'><strong>contra</strong></span> <span class='ocrx_word' id='word_1_421' title='bbox 1411 4136 1517 4212; x_wconf 87' lang='lat' dir='ltr'><strong>calces,</strong></span> <span class='ocrx_word' id='word_1_422' title='bbox 1539 4136 1678 4202; x_wconf 77' lang='lat' dir='ltr'><strong>adversus</strong></span> 
     </span>
     <span class='ocr_line' id='line_1_38' title="bbox 392 4224 1679 4321; baseline -0.005 -22"><span class='ocrx_word' id='word_1_423' title='bbox 392 4234 549 4299; x_wconf 88' lang='lat' dir='ltr'><strong>stimulum</strong></span> <span class='ocrx_word' id='word_1_424' title='bbox 567 4238 708 4320; x_wconf 88' lang='lat' dir='ltr'><strong>patientia</strong></span> <span class='ocrx_word' id='word_1_425' title='bbox 728 4252 773 4298; x_wconf 91' lang='lat' dir='ltr'><strong>est</strong></span> <span class='ocrx_word' id='word_1_426' title='bbox 795 4224 900 4299; x_wconf 81' lang='lat' dir='ltr'><strong>melio⁰r</strong></span> <span class='ocrx_word' id='word_1_427' title='bbox 919 4240 1040 4321; x_wconf 81' lang='lat' dir='ltr'><strong>pressis3</strong></span> <span class='ocrx_word' id='word_1_428' title='bbox 1057 4240 1118 4321; x_wconf 91' lang='lat' dir='ltr'><strong>ipse</strong></span> <span class='ocrx_word' id='word_1_429' title='bbox 1132 4238 1248 4300; x_wconf 88' lang='lat' dir='ltr'><strong>animus</strong></span> <span class='ocrx_word' id='word_1_430' title='bbox 1264 4237 1378 4319; x_wconf 87' lang='lat' dir='ltr'><strong>patiens</strong></span> <span class='ocrx_word' id='word_1_431' title='bbox 1393 4235 1448 4298; x_wconf 90' lang='lat' dir='ltr'><strong>fert</strong></span> <span class='ocrx_word' id='word_1_432' title='bbox 1462 4233 1555 4297; x_wconf 89' lang='lat' dir='ltr'><strong>multa</strong></span> <span class='ocrx_word' id='word_1_433' title='bbox 1570 4233 1679 4295; x_wconf 72' lang='lat' dir='ltr'><strong>leuiora</strong></span> 
     </span>
     <span class='ocr_line' id='line_1_39' title="bbox 393 4332 1680 4420; baseline -0.004 -23"><span class='ocrx_word' id='word_1_434' title='bbox 393 4334 459 4413; x_wconf 90' lang='lat' dir='ltr'><strong>sibi,</strong></span> <span class='ocrx_word' id='word_1_435' title='bbox 480 4334 610 4398; x_wconf 88' lang='lat' dir='ltr'><strong>ferendo.</strong></span> <span class='ocrx_word' id='word_1_436' title='bbox 633 4356 704 4419; x_wconf 86' lang='lat' dir='ltr'><strong>ergo</strong></span> <span class='ocrx_word' id='word_1_437' title='bbox 725 4356 779 4398; x_wconf 90' lang='lat' dir='ltr'><strong>cur</strong></span> <span class='ocrx_word' id='word_1_438' title='bbox 799 4336 943 4420; x_wconf 85' lang='lat' dir='ltr'><strong>ploratis?</strong></span> <span class='ocrx_word' id='word_1_439' title='bbox 965 4336 1095 4400; x_wconf 88' lang='lat' dir='ltr'><strong>laureeta</strong></span> <span class='ocrx_word' id='word_1_440' title='bbox 1120 4352 1237 4398; x_wconf 89' lang='lat' dir='ltr'><strong>mortua</strong></span> <span class='ocrx_word' id='word_1_441' title='bbox 1259 4352 1305 4398; x_wconf 89' lang='lat' dir='ltr'><strong>est</strong></span> <span class='ocrx_word' id='word_1_442' title='bbox 1326 4351 1355 4398; x_wconf 92' lang='lat' dir='ltr'><strong>et</strong></span> <span class='ocrx_word' id='word_1_443' title='bbox 1377 4333 1509 4396; x_wconf 89' lang='lat' dir='ltr'><strong>mortalis</strong></span> <span class='ocrx_word' id='word_1_444' title='bbox 1531 4347 1602 4395; x_wconf 87' lang='lat' dir='ltr'><strong>crat.</strong></span> <span class='ocrx_word' id='word_1_445' title='bbox 1624 4332 1680 4393; x_wconf 87' lang='lat' dir='ltr'><strong>ad-</strong></span> 
     </span>
     <span class='ocr_line' id='line_1_40' title="bbox 394 4432 1680 4516; baseline -0.005 -18"><span class='ocrx_word' id='word_1_446' title='bbox 394 4435 486 4498; x_wconf 89' lang='lat' dir='ltr'><strong>modo</strong></span> <span class='ocrx_word' id='word_1_447' title='bbox 508 4456 568 4498; x_wconf 91' lang='lat' dir='ltr'><strong>non</strong></span> <span class='ocrx_word' id='word_1_448' title='bbox 596 4437 657 4498; x_wconf 92' lang='lat' dir='ltr'><strong>imo</strong></span> <span class='ocrx_word' id='word_1_449' title='bbox 683 4436 738 4498; x_wconf 93' lang='lat' dir='ltr'><strong>erit</strong></span> <span class='ocrx_word' id='word_1_450' title='bbox 765 4435 910 4499; x_wconf 85' lang='lat' dir='ltr'><strong>imortalis</strong></span> <span class='ocrx_word' id='word_1_451' title='bbox 939 4452 969 4500; x_wconf 89' lang='lat' dir='ltr'><strong>et</strong></span> <span class='ocrx_word' id='word_1_452' title='bbox 996 4436 1178 4500; x_wconf 88' lang='lat' dir='ltr'><strong>intabescere</strong></span> <span class='ocrx_word' id='word_1_453' title='bbox 1210 4434 1313 4497; x_wconf 89' lang='lat' dir='ltr'><strong>dolore</strong></span> <span class='ocrx_word' id='word_1_454' title='bbox 1341 4453 1377 4494; x_wconf 84' lang='lat' dir='ltr'><strong>ex</strong></span> <span class='ocrx_word' id='word_1_455' title='bbox 1405 4434 1524 4516; x_wconf 91' lang='lat' dir='ltr'><strong>proprio</strong></span> <span class='ocrx_word' id='word_1_456' title='bbox 1552 4432 1680 4513; x_wconf 90' lang='lat' dir='ltr'><strong>dampno</strong></span> 
     </span>
     <span class='ocr_line' id='line_1_41' title="bbox 394 4530 1680 4619; baseline -0.004 -22"><span class='ocrx_word' id='word_1_457' title='bbox 394 4555 454 4597; x_wconf 91' lang='lat' dir='ltr'><strong>non</strong></span> <span class='ocrx_word' id='word_1_458' title='bbox 476 4550 521 4597; x_wconf 90' lang='lat' dir='ltr'><strong>est</strong></span> <span class='ocrx_word' id='word_1_459' title='bbox 541 4555 635 4612; x_wconf 89' lang='lat' dir='ltr'><strong>amor,</strong></span> <span class='ocrx_word' id='word_1_460' title='bbox 657 4533 708 4597; x_wconf 92' lang='lat' dir='ltr'><strong>sed</strong></span> <span class='ocrx_word' id='word_1_461' title='bbox 729 4536 881 4619; x_wconf 91' lang='lat' dir='ltr'><strong>iniquum;</strong></span> <span class='ocrx_word' id='word_1_462' title='bbox 903 4551 934 4599; x_wconf 89' lang='lat' dir='ltr'><strong>et</strong></span> <span class='ocrx_word' id='word_1_463' title='bbox 954 4538 994 4598; x_wconf 92' lang='lat' dir='ltr'><strong>ita</strong></span> <span class='ocrx_word' id='word_1_464' title='bbox 1014 4536 1169 4619; x_wconf 89' lang='lat' dir='ltr'><strong>deplorare</strong></span> <span class='ocrx_word' id='word_1_465' title='bbox 1190 4553 1360 4618; x_wconf 86' lang='lat' dir='ltr'><strong>prosperam</strong></span> <span class='ocrx_word' id='word_1_466' title='bbox 1391 4531 1539 4593; x_wconf 78' lang='lat' dir='ltr'><strong>fortunam</strong></span> <span class='ocrx_word' id='word_1_467' title='bbox 1560 4530 1680 4593; x_wconf 88' lang='lat' dir='ltr'><strong>alterius</strong></span> 
     </span>
     <span class='ocr_line' id='line_1_42' title="bbox 394 4632 1683 4719; baseline -0.006 -21"><span class='ocrx_word' id='word_1_468' title='bbox 394 4650 439 4698; x_wconf 89' lang='lat' dir='ltr'><strong>est</strong></span> <span class='ocrx_word' id='word_1_469' title='bbox 459 4634 600 4698; x_wconf 86' lang='lat' dir='ltr'><strong>invidia...</strong></span> <span class='ocrx_word' id='word_1_470' title='bbox 623 4654 695 4718; x_wconf 87' lang='lat' dir='ltr'><strong>ergo</strong></span> <span class='ocrx_word' id='word_1_471' title='bbox 717 4655 770 4697; x_wconf 81' lang='lat' dir='ltr'><strong>sos</strong></span> <span class='ocrx_word' id='word_1_472' title='bbox 791 4633 850 4696; x_wconf 88' lang='lat' dir='ltr'><strong>due</strong></span> <span class='ocrx_word' id='word_1_473' title='bbox 871 4636 959 4697; x_wconf 90' lang='lat' dir='ltr'><strong>sinite</strong></span> <span class='ocrx_word' id='word_1_474' title='bbox 978 4634 1095 4719; x_wconf 87' lang='lat' dir='ltr'><strong>plorare</strong></span> <span class='ocrx_word' id='word_1_475' title='bbox 1116 4634 1182 4711; x_wconf 89' lang='lat' dir='ltr'><strong>hac,</strong></span> <span class='ocrx_word' id='word_1_476' title='bbox 1196 4654 1315 4696; x_wconf 93' lang='lat' dir='ltr'><strong>sursum</strong></span> <span class='ocrx_word' id='word_1_477' title='bbox 1331 4633 1453 4716; x_wconf 87' lang='lat' dir='ltr'><strong>aspicite</strong></span> <span class='ocrx_word' id='word_1_478' title='bbox 1475 4632 1562 4693; x_wconf 91' lang='lat' dir='ltr'><strong>istam</strong></span> <span class='ocrx_word' id='word_1_479' title='bbox 1584 4644 1683 4691; x_wconf 89' lang='lat' dir='ltr'><strong>tenen·</strong></span> 
     </span>
    </p>
   </div>
   <div class='ocr_carea' id='block_1_3' title="bbox 396 4734 1649 4879">
    <p class='ocr_par' dir='ltr' id='par_1_4' title="bbox 396 4734 1649 4879">
     <span class='ocr_line' id='line_1_43' title="bbox 396 4734 1308 4800; baseline 0 -2"><span class='ocrx_word' id='word_1_480' title='bbox 396 4748 457 4799; x_wconf 86' lang='lat' dir='ltr'><strong>tem</strong></span> <span class='ocrx_word' id='word_1_481' title='bbox 478 4734 586 4800; x_wconf 89' lang='lat' dir='ltr'><strong>celum.</strong></span> <span class='ocrx_word' id='word_1_482' title='bbox 1306 4764 1308 4768; x_wconf 94' lang='lat'>·</span> 
     </span>
     <span class='ocr_line' id='line_1_44' title="bbox 1616 4843 1649 4879; baseline 0 0"><span class='ocrx_word' id='word_1_483' title='bbox 1616 4843 1649 4879; x_wconf 52' lang='grc' dir='ltr'>ἡ</span> 
     </span>
    </p>
   </div>
   <div class='ocr_carea' id='block_1_4' title="bbox 0 0 2094 5217">
    <p class='ocr_par' dir='ltr' id='par_1_5' title="bbox 0 0 2094 5217">
     <span class='ocr_line' id='line_1_45' title="bbox 0 0 2094 5217; baseline 0 0"><span class='ocrx_word' id='word_1_484' title='bbox 0 0 2094 5217; x_wconf 95' lang='lat' dir='ltr'><strong> </strong></span> 
     </span>
    </p>
   </div>
  </div>
 </body>
</html>
