4125 5217
196 1986 218 2015 r.
234 1971 288 2012 red·
298 1980 338 2019 ru

200 2575 221 2605 v.
238 2573 292 2613 ¹¹3-
303 2572 341 2613 ¹³⁹

400 399 466 466 27}
908 396 1058 447 ANTONlO
1081 397 1185 444 nvtttlt

402 666 519 726 somnia
541 661 681 726 terribilia
704 660 918 723 dormientibus
940 674 1106 742 emergunt.
1127 693 1147 707 -
1166 659 1262 721 silim:
1282 679 1371 743 quam
1386 680 1445 722 non
1467 659 1567 723 babes.
1588 696 1608 709 -
1628 681 1690 722 cau·

405 785 526 849 sasque:
548 767 718 825 vencnum'
731 797 751 810 -
770 762 884 846 prelio.-
905 760 1031 823 emendo
1052 760 1102 822 illa
1121 780 1180 843 que
1194 759 1355 842 periculum
1378 775 1528 841 generant.
1542 795 1553 807 ·
1565 759 1691 843 probra:

405 866 476 949 quia
497 864 581 925 omui
604 883 712 944 genere
734 861 849 923 luxurie
870 858 1079 944 coinquinabat
1098 859 1210 922 lectum
1231 879 1327 920 suunt.
1348 892 1368 906 ·
1389 857 1431 941 te'j
1442 884 1452 920 .·
1469 878 1518 920 rex
1533 859 1641 922 francie
1661 874 1690 923 et

406 963 454 1045 alij
480 962 615 1025 barones.
637 997 647 1009 ·
668 961 812 1022 insidias.-
834 975 867 1022 ut
887 960 1025 1042 diripiant
1046 960 1135 1042 ipsius
1150 956 1273 1020 ecclesie
1292 972 1402 1020 statum
1424 972 1453 1020 et
1475 973 1512 1021 te.
1532 992 1543 1007 ·
1564 957 1693 1023 lanuino:

407 1061 523 1137 oculos,
546 1083 584 1124 ne
605 1076 636 1122 te
657 1061 732 1121 mori
754 1058 862 1121 faciant
884 1070 914 1121 et
936 1059 1072 1120 venenari
1094 1073 1126 1119 ut
1146 1056 1236 1120 alium
1262 1077 1366 1140 papam
1395 1058 1486 1119 creari
1509 1077 1545 1119 ex
1566 1059 1626 1119 suis
1648 1056 1700 1119 la·

408 1163 498 1224 ciant.
514 1195 529 1208 ι
550 1159 722 1222 inlumina:
743 1161 811 1243 quia
840 1157 1040 1220 inebriabatur
1066 1156 1193 1219 multum
1222 1158 1309 1219 etiarn
1331 1176 1425 1239 pauco
1447 1158 1526 1218 vino.
1554 1190 1566 1205 ·
1594 1156 1716 1240 lnptts:.

410 1279 461 1321 rex
491 1259 622 1322 Francie.
637 1293 648 1305 ·
661 1260 800 1341 sauguine
818 1258 901 1342 porri
910 1276 920 1318 .·
941 1256 1067 1338 lasciuiis
1082 1271 1112 1318 et
1125 1253 1282 1319 sceleribus
1303 1254 1487 1339 voluptuosis
1501 1256 1578 1317 sicut
1598 1256 1696 1338 putci;

410 1359 458 1422 'uel
480 1358 603 1421 denotat
631 1358 786 1442 antiquum
816 1374 950 1418 morem:
974 1376 1042 1417 nam
1063 1356 1199 1439 quotiens
1223 1354 1319 1437 aliqua
1341 1375 1449 1438 magna
1470 1354 1567 1418 federa
1589 1354 1697 1417 fiebant

411 1461 441 1523 in
467 1459 599 1521 medium
621 1478 671 1519 sus
692 1456 856 1520 ducebatur
876 1471 905 1518 et
926 1454 1101 1531 cedebatur;
1127 1470 1156 1518 et
1177 1455 1244 1517 inde
1264 1454 1345 1517 ledus
1373 1476 1390 1517 a
1418 1454 1549 1518 feriendo
1575 1454 1696 1517 dictum.

412 1574 441 1621 et
468 1557 608 1621 dicebant
630 1559 830 1640 paciscentes:
853 1557 893 1618 ita
914 1554 992 1617 lerro
1012 1554 1134 1618 cedatur
1153 1553 1280 1617 violator
1305 1556 1382 1617 sicut
1408 1574 1458 1615 sus
1487 1555 1649 1637 percutitur
1669 1568 1699 1616 et

404 1659 548 1721 moritur.
563 1683 583 1706 ··
597 1658 693 1740 regis.-
714 1656 853 1739 plutonis.
875 1690 895 1703 -
916 1673 984 1720 ere:
1005 1656 1139 1737 pecunia,
1160 1655 1244 1717 cuius
1267 1654 1453 1739 acquisitioni
1474 1670 1590 1737 semper
1617 1674 1700 1717 vaca-

413 1756 472 1832 bat,
494 1776 549 1819 nec
571 1754 755 1817 sacrificabat
776 1754 863 1817 tlture
884 1751 985 1816 celesti
1006 1754 1072 1815 deo.
1087 1788 1107 1801 -
1122 1754 1227 1837 lignes:
1240 1752 1352 1814 domini
1374 1752 1507 1816 crudeles
1528 1767 1558 1815 et
1571 1753 1698 1836 sangui-

413 1876 482 1917 nem
496 1857 641 1917 sitientes.
655 1889 665 1901 ·
678 1853 811 1938 genutio:
832 1867 993 1937 tempestas
1014 1851 1158 1914 bellomm
1181 1851 1196 1935 (
1217 1851 1242 1935 ).
1633 1883 1641 1899 ·

497 1952 605 2016 inluar:
625 1955 742 2016 cristus.
763 1987 783 1999 -
802 1954 947 2037 potuitque
967 1950 1069 2013 iubar:
1089 1951 1137 2013 laic
1158 1967 1203 2014 est
1224 1950 1358 2036 eclypsis,
1372 1952 1448 2015 idest
1467 1950 1599 2015 deiectus
1620 1951 1701 2015 verbi

414 2073 473 2140 que
493 2053 528 2115 iit
542 2053 579 2115 ad
595 2054 756 2114 maximam
778 2053 886 2114 mentis
907 2052 1140 2136 indignationem
1161 2052 1383 2128 ostendendam,
1398 2067 1431 2115 ut
1452 2051 1614 2137 Virgilius:
1631 2072 1699 2137 qnos

415 2172 474 2238 ego.
497 2151 577 2213 unde
601 2152 693 2213 dicit:
717 2153 859 2236 potuique
880 2150 974 2227 iubar,
995 2172 1047 2213 seu
1068 2152 1174 2213 cristus
1194 2152 1244 2234 qui
1265 2149 1310 2213 sol
1338 2165 1382 2214 est
1401 2150 1459 2214 hoc
1482 2152 1552 2235 pati,
1574 2165 1606 2213 ut
1627 2166 1699 2213 tan-

416 2266 481 2314 tum
511 2249 608 2313 scelus
637 2252 861 2313 committeres?
889 2286 908 2297 ·
934 2250 1043 2312 silens:
1071 2248 1246 2333 populorum
1271 2270 1366 2313 curas.
1394 2285 1414 2297 -
1447 2252 1549 2313 Uxor:
1569 2249 1701 2313 Ecclesia

417 2353 562 2415 Romana.
584 2386 605 2397 -
626 2357 730 2414 crnrl:
749 2352 780 2411 in
801 2351 949 2412 Acinione
976 2364 1006 2411 et
1027 2369 1085 2410 non
1107 2352 1136 2410 in
1159 2352 1263 2426 Roma,
1286 2371 1344 2434 que
1364 2350 1447 2412 secles
1468 2365 1512 2411 cst
1534 2351 1660 2433 propria.
1682 2386 1702 2399 -

416 2467 531 2514 onnus:
551 2451 705 2511 incestata.
727 2483 747 2495 -
766 2449 937 2533 peregrine:
959 2449 1123 2511 llxinionis.
1143 2483 1163 2495 -
1184 2468 1311 2511 crucem:
1332 2448 1437 2511 luteas.

500 2548 642 2608 carceris:
664 2546 822 2608 inferni·
843 2545 959 2631 upqlln:
980 2548 1096 2622 cristus,
1116 2548 1165 2630 qui
1189 2567 1257 2609 cunt
1279 2547 1405 2630 ingeres,
1425 2548 1556 2613 obviavit
1571 2549 1622 2612 tibi
1643 2552 1704 2612 tris·

417 2646 456 2707 tis
471 2666 507 2708 ex
529 2644 599 2728 iuga
622 2661 651 2708 et
672 2646 784 2707 diceret
806 2662 838 2708 ut
861 2645 970 2707 redires
990 2662 1019 2707 et
1042 2647 1189 2728 respondit
1211 2646 1262 2709 tibi
1283 2650 1496 2730 interroganti:
1517 2670 1578 2733 quo
1598 2651 1703 2711 vadis?

417 2777 437 2792 -
460 2744 546 2807 l'ado
569 2747 695 2808 Romam
718 2746 824 2805 iterum
846 2745 990 2828 cruciligi.
1011 2780 1021 2792 ·
1044 2749 1086 2807 Ex
1107 2766 1166 2829 quo
1188 2762 1286 2828 petrus
1309 2746 1393 2829 redijt
1415 2764 1443 2810 ct
1464 2748 1585 2811 dentum
1604 2751 1704 2812 cruci-

419 2842 496 2905 fixus
517 2857 571 2904 est.
593 2877 604 2889 ·
624 2844 717 2904 artis:
745 2844 774 2904 in
803 2845 938 2926 passione
966 2846 1057 2920 cristi,
1076 2865 1165 2928 quern
1187 2860 1231 2907 ter
1251 2849 1373 2929 negasti.
1394 2882 1405 2894 ·
1426 2848 1524 2909 caule:
1545 2848 1676 2910 ecclesie.
1695 2884 1705 2896 ·

418 2940 584 3025 speculum:
605 2940 706 3003 dotem
729 2958 758 3004 et
779 2944 991 3024 patrimonium
1013 2945 1154 3020 ecclesie3
1170 2965 1237 3006 nam
1256 2947 1317 3029 ipse
1337 2944 1451 3009 dotavit
1472 2946 1625 3010 ecclesiam
1648 2969 1704 3031 que

420 3039 596 3122 temporalia
620 3041 765 3123 regimina
786 3042 922 3123 primitus
944 3063 1002 3104 non
1024 3041 1159 3106 habebat.
1180 3079 1201 3091 -
1221 3043 1477 3111 claustra:sedem
1495 3044 1705 3129 pontificalem.

420 3172 441 3186 ·
462 3158 604 3222 quercus:
624 3141 754 3201 avinion.

504 3238 666 3299 rutilando:
685 3240 754 3322 quia
777 3238 879 3321 prelati
901 3256 990 3302 cantu
1022 3257 1051 3303 et
1075 3242 1137 3304 sine
1158 3241 1216 3303 alio
1236 3240 1336 3305 labore
1356 3242 1461 3306 diuites
1490 3244 1574 3307 fiunt.
1595 3280 1606 3292 ·
1629 3246 1707 3307 arui-

420 3354 502 3396 cnm:
523 3334 680 3398 ecclesiam
703 3351 732 3398 et
753 3337 879 3399 divitias.
901 3373 912 3386 ·
931 3339 1088 3423 solentque:
1109 3343 1198 3404 cristi.
1219 3378 1240 3390 -
1260 3350 1366 3405 nttlro:
1386 3363 1527 3406 cameras.
1549 3380 1559 3392 ·
1579 3346 1707 3429 igitulns:
1799 3327 1803 3334 ⁵

421 3436 560 3497 Rontam.
581 3470 602 3482 -
624 3436 703 3519 fipy:
725 3436 799 3497 idest
814 3436 972 3500 delectatio
986 3454 1015 3500 et
1036 3439 1169 3523 uoluptas
1183 3440 1221 3504 ab
1234 3445 1371 3526 lipycuro
1386 3443 1474 3519 dicta,
1488 3445 1539 3527 qui
1555 3466 1704 3507 summum

422 3533 534 3595 bonum
556 3536 586 3595 in
609 3535 761 3617 uoluptate
787 3535 916 3617 ponebat
944 3539 1078 3613 existere,
1099 3542 1181 3622 quasi
1209 3539 1305 3603 dicat:
1328 3556 1371 3618 tu,
1393 3560 1484 3627 petre,
1506 3545 1622 3607 extollis
1650 3548 1708 3607 tri-

398 3979 403 3987 ,
495 4000 534 4059 (t)
555 3991 609 4069 [Cr]
631 3998 770 4063 Coniugis:
789 3999 904 4051 ecclesie.
922 4028 931 4039 ·
946 4008 1054 4065 parant:
1073 4002 1133 4069 quie
1151 4004 1291 4056 cardinales
1310 4006 1404 4057 uellent
1428 4006 1482 4058 lteri
1505 4025 1579 4075 pepe.
1599 4038 1609 4049 -
1627 4011 1707 4061 ovili:

422 4084 529 4137 ecclesie
548 4115 557 4125 ·
568 4088 661 4153 fieres:
681 4088 783 4139 tiranni.
803 4118 812 4128 ·
831 4092 910 4154 regis:
929 4090 1051 4157 plutonis.
1065 4120 1074 4131 ·
1088 4095 1176 4155 tigres:
1193 4094 1287 4144 tiranni
1299 4104 1324 4145 et
1336 4096 1465 4163 armigeri.
1478 4125 1486 4137 ·
1498 4106 1581 4164 septa:
1593 4108 1707 4151 sscostos

423 4176 569 4227 thesauros.
588 4206 598 4216 ·
614 4179 729 4242 granta:
748 4196 849 4245 guerra.
868 4210 877 4219 ·
895 4183 1031 4232 armentis:
1049 4183 1229 4234 cardinalibus.

497 4260 546 4337 [bil
568 4266 660 4330 Porci:
681 4279 706 4318 ut
728 4269 790 4332 milri
810 4270 919 4329 videtur,
937 4271 1037 4321 ‹luobus
1057 4273 1139 4323 modis
1157 4273 1218 4324 dicit
1238 4290 1265 4324 se
1283 4275 1441 4341 providisse:
1460 4278 1625 4345 primcenim
1640 4280 1710 4347 porci

425 4355 561 4421 sanguiue,
580 4373 626 4407 seu
645 4356 760 4409 iaciendo
780 4360 826 4408 sill¹
849 4360 943 4411 multos
962 4378 1052 4427 porcos
1070 4363 1174 4425 amicos,
1192 4365 1265 4430 quasi
1284 4366 1405 4418 beneficia
1423 4368 1461 4419 eis
1480 4369 1573 4420 dando.
1593 4370 1710 4422 Secumm

425 4445 503 4495 morlo
521 4447 677 4498 cumulando
695 4449 770 4499 avide
790 4451 854 4501 latos
874 4461 998 4510 tesauros,
1017 4452 1061 4518 qui
1080 4464 1139 4503 suut
1163 4471 1260 4506 sectum
1280 4472 1385 4508 exosum
1404 4459 1504 4525 superis
1530 4469 1555 4511 et
1579 4472 1709 4529 accepturu

425 4534 570 4600 profundis,
589 4553 646 4586 eum
668 4538 693 4587 ln
713 4539 854 4590 visceribus
874 4550 940 4591 terre
953 4553 1079 4592 nascatur.
1093 4571 1102 4581 ·
1117 4544 1276 4610 Rescriptum
1290 4548 1318 4596 in
1333 4564 1380 4597 ant
1400 4549 1501 4614 infensi
1519 4551 1599 4615 regist
1618 4567 1663 4601 seu
1683 4551 1710 4601 in

425 4633 502 4684 terra,
521 4641 581 4676 narn
602 4637 667 4676 terre
687 4644 732 4678 era
750 4639 774 4679 et
795 4646 902 4695 regnum
921 4641 960 4681 est
978 4630 1060 4697 ipsius
1078 4633 1199 4697 plutonis.
1211 4634 1371 4702 Quamquam
1384 4637 1458 4688 aliter
1469 4639 1616 4706 exposuerit
1634 4656 1709 4691 vene·
1799 4627 1803 4632 ⁵

426 4714 515 4766 rabilis
534 4717 659 4783 Magister
679 4735 750 4770 naeus
770 4720 891 4788 magister
910 4732 997 4788 petrus
1016 4722 1048 4772 de
1069 4723 1165 4789 lluglo.
