4125 5217
399 363 459 441 tal»
901 373 1050 419 as'rtmro
1074 373 1180 418 straus

398 638 481 735 Qui
513 658 663 719 caneret
693 632 819 716 solem
850 660 892 715 ac
922 631 1070 722 lurum,
1100 631 1368 739 stellantiaque
1398 661 1485 713 area

398 764 609 854 Scinderet,
639 783 676 844 et
706 760 856 843 uolucri
887 760 1013 842 celum
1045 760 1208 841 sulcaret
1238 782 1382 848 aratro:

400 892 483 990 Qui
515 892 629 973 siros
660 888 806 996 plectro
837 886 983 994 lapides
1013 908 1158 993 aptaret
1187 886 1295 970 otili.

400 1018 513 1102 Colle
542 1016 615 1098 sub
645 1017 766 1097 aomo
798 1014 946 1096 l‘tnteste
977 1014 1022 1094 ad
1055 1012 1193 1119 pabula
1226 1014 1325 1118 ripe:

402 1146 564 1252 Quique
595 1141 796 1250 palestrica
826 1162 862 1222 et
893 1143 1027 1247 pictor,
1061 1143 1266 1245 primoque
1295 1139 1367 1220 sul
1397 1169 1470 1220 eeu

402 1273 561 1365 Cantor,
592 1268 638 1351 ad
667 1290 884 1350 extremum
915 1294 1126 1372 cursorque
1155 1295 1372 1373 ancepsque
1404 1264 1558 1349 luisset:

402 1393 565 1505 Quique
596 1387 653 1478 illi
683 1393 786 1477 lesso
816 1394 971 1476 tandem
1002 1415 1038 1475 et
1067 1393 1237 1474 dormire
1269 1395 1411 1499 paranti

404 1525 458 1607 lix
488 1522 640 1607 levibus
671 1521 831 1604 calamis
861 1519 1040 1628 pulvinar
1069 1521 1202 1601 strauit
1233 1548 1440 1610 amenum;

404 1652 580 1759 Quique,
610 1670 736 1732 truces
766 1669 880 1730 cantu
910 1647 1050 1729 solitus
1080 1646 1250 1730 mulcere
1279 1647 1424 1739 leones,

396 1779 554 1885 Justitia
583 1799 619 1859 et
649 1776 794 1858 citltara
825 1775 1003 1878 insignis,
1033 1772 1263 1856 venerabilis
1293 1777 1416 1866 aunis,

407 1902 539 1988 Incola
568 1902 756 1984 sinuum
788 1903 950 2009 primus,
980 1928 1098 2007 quem
1129 1899 1296 1982 Trachia
1326 1900 1422 1983 vidit

359 2131 361 2135 μ
404 2031 561 2114 Aeriam
592 2028 697 2110 dulci
728 2028 919 2135 llodopen
950 2026 1043 2108 dum
1075 2055 1171 2110 soce
1201 2049 1386 2123 tumeret,

406 2156 637 2263 Precipitem
669 2154 812 2236 {idibus
843 2153 993 2236 blandis
1022 2154 1117 2236 dum
1147 2155 1297 2238 sisteret
1328 2155 1515 2238 Hebrum.

406 2282 509 2365 Huic
539 2281 620 2363 duo
650 2311 716 2388 per
746 2302 902 2362 montes
931 2268 1130 2389 auritaque
1161 2309 1247 2363 rura
1276 2284 1425 2364 canenti

406 2410 586 2517 Perpetui
617 2408 803 2500 comites;
835 2407 963 2488 dextre
991 2435 1202 2513 genmmus
1233 2407 1391 2502 inlaerer,

406 2534 529 2616 Filius
561 2555 597 2615 at
628 2533 731 2627 let·e;
763 2533 857 2639 tegit
890 2531 999 2613 illum
1031 2532 1133 2614 linea
1162 2534 1293 2627 sestis,

406 2661 490 2752 Iste,
521 2687 627 2741 sacer
656 2659 793 2752 musis,
826 2658 984 2766 plenum
1015 2658 1061 2741 de
1093 2658 1198 2741 fonte
1229 2680 1385 2766 reposto

406 2788 535 2892 Atque
566 2788 677 2893 pium
708 2808 851 2868 cratera
880 2787 976 2892 patri
1006 2786 1196 2894 porgebat
1226 2788 1351 2868 anelo.

404 2911 495 2993 Inde
526 2939 668 2993 canum
700 2912 973 3021 pecudumque
1003 2911 1076 2995 luit
1106 2913 1391 3024 volucrumque
1423 2916 1665 3025 lerarumque

404 3040 544 3143 Arguti
577 3037 686 3143 srigis
717 3038 764 3119 ad
794 3068 979 3122 numeros
1009 3062 1179 3147 spectare
1209 3040 1409 3133 chore-anm

404 3164 583 3270 Denique
614 3164 824 3246 Graiorum
855 3164 1029 3263 latebraS,
1062 3168 1232 3275 alsieque
1261 3170 1395 3262 vireta,

405 3288 657 3397 Hebrensque
687 3320 823 3397 graues
852 3314 889 3373 et
918 3295 1088 3375 cannine
1117 3295 1205 3376 trita
1236 3296 1378 3376 minaci

405 3415 594 3496 Gramina
624 3417 801 3498 Iordanis
831 3420 1110 3526 peregrinaque
1140 3422 1302 3502 nomina
1333 3421 1512 3517 lustrans,

407 3540 547 3641 ,llollia
579 3543 882 3638 1·ura.·lrabum,
913 3545 1004 3628 salis
1037 3546 1180 3653 indiga,
1211 3547 1302 3629 ditia
1335 3549 1475 3642 mellis,

408 3665 638 3774 Affisusque
669 3670 795 3751 octalis
826 3672 1039 3779 animoque
1070 3673 1241 3754 intentus
1272 3673 1428 3781 ubique,

409 3792 498 3874 Vidi
530 3793 629 3875 alios
659 3816 773 3902 atque
804 3796 893 3878 inde
922 3797 1033 3879 alios.
1065 3801 1159 3880 Non
1189 3801 1325 3881 omnia
1354 3804 1499 3907 passim

409 3922 500 4001 Visa
529 3949 684 4027 sequor.
716 3922 805 4005 Vidi
836 3923 958 4005 sicula
988 3926 1147 4030 regione
1177 3948 1359 4023 crearunt,

405 4047 461 4126 Ac
490 4048 629 4142 sotios
659 4047 802 4156 quibus
832 4049 1078 4133 horridulum
1110 4074 1262 4135 cantare
1292 4053 1474 4161 voluptas

407 4173 537 4254 Prima
566 4202 739 4280 gregem,
771 4174 1002 4285 latebrisque
1033 4180 1159 4260 urinas
1188 4180 1307 4262 vitare
1337 4179 1520 4273 leonum;

408 4298 574 4406 Quique.
600 4299 699 4382 alios
728 4332 844 4410 supra
875 4325 977 4386 tenet
1007 4325 1135 4386 ortum
1169 4335 1189 4386 a
1218 4307 1388 4389 carmine
1419 4337 1589 4399 nomen:

475 4610 506 4660 Υ.
531 4624 594 4675 149:
616 4613 971 4681 traeliia...rodopen.·l'.
989 4627 1052 4681 151:
1074 4617 1190 4668 hebrum.
1210 4646 1217 4656 ·
1236 4618 1268 4669 Υ.
1286 4631 1346 4684 ¹59:
1366 4621 1505 4687 graiorum.
1531 4650 1541 4661 ·
1568 4624 1600 4675 V.
1628 4623 1694 4674 161:
1730 4633 1734 4641 '

406 4695 528 4749 iordanis.
549 4730 556 4739 ·
577 4702 608 4751 Υ.
633 4704 694 4752 162:
718 4706 833 4755 nralmm.
1692 4712 1694 4717 ⁵
