4125 5217
839 398 872 450 lt
894 398 1082 449 uucoucutt
1104 398 1237 449 muitum
1612 406 1673 457 221

395 656 526 722 clemens
546 656 707 743 alloquitur
725 658 845 723 dicens:
866 681 886 724 o
907 681 973 723 mea
994 660 1101 724 nobilis
1122 682 1190 747 epy,
1206 682 1325 746 presens
1345 664 1428 738 assis,
1442 664 1514 727 dum
1537 687 1594 748 ego
1614 687 1679 728 sum

394 756 496 836 solus3
517 774 559 835 tu,
579 758 658 836 dico,
677 758 793 823 dulcior
812 758 858 823 his
880 761 963 823 terris
983 775 1013 824 et
1041 759 1157 824 dulcior
1184 760 1277 825 lrerba
1297 765 1405 847 cnrnpi,
1427 764 1502 827 idest
1522 785 1611 849 quam
1633 767 1681 827 isti

395 858 453 923 cibi
473 860 628 943 corporei3
649 874 692 935 tu,
712 859 790 936 dico,
811 859 904 943 gloria
932 861 995 923 istis
1022 859 1138 943 palatiis
1169 876 1199 924 et
1230 864 1344 945 gratior
1371 861 1493 927 tluntine
1514 867 1630 927 sonanti
1652 880 1682 928 et

395 960 479 1023 omni
500 978 608 1042 genere
627 959 806 1022 diuitiarum.
827 993 847 1007 ·
866 957 925 1044 [Ne
943 958 1072 1044 pigrulJ:
1095 981 1155 1023 non
1177 976 1282 1045 gravet
1302 976 1353 1038 te;
1374 961 1516 1026 iaciamus
1539 965 1682 1027 rationem

395 1057 434 1122 de
453 1056 577 1121 subditis
598 1058 706 1120 nostris
725 1059 776 1141 qui
797 1072 867 1120 sunt
888 1057 1001 1141 prelati,
1022 1074 1053 1121 et
1075 1078 1265 1122 numeremus
1288 1080 1385 1145 yrcos,
1406 1062 1482 1124 idest
1502 1061 1683 1139 cardinales,

397 1172 429 1222 et
447 1157 506 1221 hoc
527 1172 561 1220 ut
581 1159 673 1220 tutius
694 1157 841 1240 possimus
861 1156 1016 1221 defendere
1037 1179 1102 1233 nos,
1123 1160 1147 1222 si
1171 1176 1368 1223 reverteretur
1385 1161 1563 1245 pamphilus,
1584 1183 1636 1225 seu
1658 1164 1682 1225 si

397 1258 497 1321 ueniet
516 1258 638 1333 eristus3
660 1272 689 1319 et
717 1255 831 1321 licitum
853 1272 897 1319 est
919 1256 1016 1320 telare
1036 1260 1161 1321 crimina
1183 1280 1252 1322 uera
1274 1258 1350 1322 lictis
1372 1260 1479 1336 uerbis,
1500 1260 1572 1323 dum
1593 1262 1684 1324 modo

398 1356 501 1420 eadem
521 1358 686 1420 constantia
708 1355 807 1419 uultus
828 1372 858 1420 et
878 1372 1021 1441 concepta
1043 1356 1139 1419 tonna
1160 1355 1311 1443 loquendi.

479 1456 674 1540 Lanigerum:
695 1456 863 1539 Respondet
884 1459 967 1542 Epy:
995 1458 1019 1518 si
1048 1477 1106 1541 ego
1136 1456 1304 1533 considero,
1326 1472 1389 1521 tota
1416 1459 1498 1522 curia
1520 1474 1620 1522 nostra
1641 1474 1685 1522 est

399 1556 540 1619 innovata
559 1557 628 1640 quia
648 1555 696 1639 alij
718 1571 951 1638 superuenerunt
971 1570 1001 1619 et
1021 1558 1134 1641 antiqui
1149 1556 1258 1619 subditi
1273 1572 1344 1620 sunt
1358 1560 1469 1641 mortui
1490 1575 1521 1622 et
1543 1574 1686 1622 venerunt

399 1658 469 1720 noui
490 1656 598 1719 subditi
619 1671 649 1720 et
669 1655 783 1739 prelati.
797 1691 817 1705 -
830 1656 877 1720 uel
889 1656 1002 1720 morbus
1022 1657 1184 1720 senectutis
1204 1657 1312 1735 habet,
1334 1673 1366 1721 et
1386 1658 1457 1744 quid
1477 1659 1548 1743 quid
1569 1658 1686 1723 lortuna

399 1759 503 1834 evasit,
523 1758 653 1841 pascitur
673 1759 703 1818 in
724 1755 782 1819 alio
802 1755 880 1834 loco,
900 1759 968 1842 quia
990 1759 1072 1821 curia
1095 1778 1218 1820 romana
1233 1773 1350 1821 niutata
1371 1773 1416 1821 est
1438 1759 1468 1821 in
1490 1758 1564 1821 alios
1584 1758 1687 1837 locos3

399 1871 430 1920 et
450 1855 536 1919 febris
556 1857 620 1917 sine
640 1871 704 1918 arte
717 1870 746 1918 et
760 1854 873 1918 scabies
892 1858 1075 1940 contagiosa,
1090 1872 1120 1920 et
1135 1858 1224 1919 tussis
1243 1856 1384 1933 uiolenta,
1398 1879 1503 1921 omnes
1522 1860 1570 1921 isti
1591 1860 1687 1922 morbi

399 1955 585 2020 abstulemnt
613 1975 718 2017 omnes
745 1957 818 2017 istos
846 1955 973 2040 prelatos
1000 1973 1029 2019 et
1057 1977 1163 2019 omnes
1190 1958 1326 2020 ciuitates
1355 1973 1528 2035 evacuatam
1549 1973 1579 2022 et
1598 1959 1688 2021 sudor

400 2056 571 2120 niucidosus
592 2055 700 2137 premit
718 2055 816 2117 orrida
838 2069 966 2140 tergora,
992 2072 1021 2118 et
1042 2058 1127 2141 spine
1147 2076 1251 2140 aspere
1273 2056 1405 2120 lacerant
1426 2056 1517 2141 pelles
1537 2057 1688 2121 orridas....

401 2170 432 2219 et
452 2153 618 2239 pestilentia
637 2174 757 2239 serpens
778 2154 850 2218 latet
871 2176 922 2239 per
941 2155 1042 2218 ouilia.

483 2253 557 2317 illc:
577 2253 658 2317 uides
679 2268 712 2317 tu
732 2253 816 2318 illum
837 2256 888 2340 qui
915 2270 960 2318 est
985 2254 1159 2320 naturaliter
1187 2256 1327 2319 robustus
1357 2272 1388 2320 et
1410 2255 1506 2334 lortis,
1527 2273 1625 2321 tamen
1646 2272 1692 2321 est

401 2356 443 2418 ita
462 2356 601 2439 antiquus
620 2354 702 2438 quod
721 2354 811 2418 habet
832 2353 952 2418 barbam
974 2358 1109 2432 mixtam,
1133 2358 1203 2440 quia
1224 2370 1309 2440 parte
1336 2378 1445 2420 canam
1472 2372 1503 2420 et
1530 2373 1613 2442 parte
1639 2359 1691 2420 ni·

403 2456 511 2539 gram?
531 2455 587 2516 iste
607 2453 675 2516 talis
695 2470 740 2517 est
760 2456 801 2517 ita
822 2455 964 2518 effrenate
984 2455 1101 2518 luxurie
1120 2456 1201 2540 quod
1223 2477 1284 2518 non
1306 2457 1442 2540 tirgines
1458 2458 1565 2519 timent
1584 2458 1692 2541 ipsum,

401 2554 454 2617 sed
474 2556 564 2616 etiam
584 2553 671 2616 vidue
692 2569 722 2617 et
742 2569 842 2637 nuptc.
865 2590 885 2601 -
905 2570 935 2617 et
956 2555 1038 2618 vides
1058 2555 1144 2618 illum
1164 2558 1216 2641 qui
1237 2556 1319 2619 vadit
1340 2559 1439 2641 capite
1460 2554 1578 2619 elevato
1591 2571 1621 2619 et
1641 2558 1690 2620 cui

404 2653 492 2717 barba
512 2654 696 2717 diuersorum
717 2654 852 2717 colorum
879 2656 954 2738 tegit
974 2654 1073 2719 lauces
1094 2655 1207 2739 capillis
1229 2655 1321 2718 albis?
1342 2658 1406 2740 ipse
1426 2657 1619 2739 cognoscitur
1640 2677 1691 2740 per

402 2755 502 2816 omnia
525 2774 625 2837 regna,
645 2755 786 2838 quoniam
808 2755 870 2837 ipse
891 2754 1054 2817 lusuriosus
1074 2756 1175 2817 onmia
1196 2755 1338 2832 destruit;
1354 2771 1384 2818 et
1400 2755 1522 2838 capelle,
1536 2756 1611 2818 idest
1632 2777 1691 2818 me·

404 2854 523 2916 retrices
543 2852 609 2930 alie,
630 2854 735 2916 timent
755 2852 919 2916 substinere
940 2875 1019 2931 eum,
1034 2856 1074 2917 ita
1089 2856 1189 2939 inepte
1202 2857 1312 2940 premit
1333 2871 1363 2918 et
1383 2854 1496 2920 illesic
1517 2855 1690 2919 incumbens

402 2968 469 3016 toto
490 2953 618 3037 pondere
638 2954 729 3016 insilit
750 2954 780 3016 in
800 2953 864 3017 illas
885 2956 1022 3031 miseras3
1045 2970 1075 3018 et
1102 2976 1164 3017 non
1186 2970 1302 3018 recusat
1323 2970 1354 3018 et
1380 2975 1545 3040 numquam
1566 2954 1692 3016 efficitur

403 3053 516 3118 tardior
535 3054 571 3118 ad
600 3056 727 3118 amicam
754 3077 839 3118 suam
867 3076 1001 3119 uxorem.
1029 3091 1049 3103 -
1076 3077 1135 3140 que
1156 3058 1264 3133 amica,
1284 3057 1395 3140 signita
1414 3053 1568 3140 equalibus
1589 3056 1691 3137 signis.

404 3156 470 3218 lloc
491 3170 535 3218 est
556 3169 618 3218 tota
638 3155 799 3218 conformis
820 3157 874 3239 ipsi
896 3173 925 3219 et
947 3171 1011 3219 tota
1033 3156 1152 3218 robusta
1174 3170 1205 3218 et
1234 3155 1325 3218 rubea
1346 3157 1423 3218 sicut
1444 3156 1507 3239 ipse
1527 3153 1691 3217 cardinalis.

404 3288 425 3302 ·
444 3253 518 3317 ille:
538 3255 676 3318 describit
696 3254 787 3317 alium
809 3271 839 3318 et
858 3256 948 3320 dicit:
973 3255 1054 3319 uides
1076 3271 1108 3318 tu
1130 3253 1214 3318 illum
1230 3255 1341 3318 alium?
1355 3254 1425 3319 licet
1438 3275 1499 3317 non
1513 3256 1552 3318 sit
1573 3275 1624 3338 par
1644 3254 1691 3315 isti

404 3354 537 3437 predicto
557 3352 684 3439 (equalis
706 3374 765 3416 non
786 3353 857 3440 [est]
878 3358 908 3417 in
929 3356 1057 3439 viribus)
1078 3370 1180 3418 tsnren
1200 3355 1359 3417 conturbat
1373 3356 1474 3417 omnin
1495 3375 1613 3437 pascua,
1628 3352 1693 3415 dis·

404 3455 482 3518 eurit
501 3473 554 3537 per
573 3473 678 3516 omnes
704 3454 809 3517 doruos
837 3469 867 3518 et
896 3456 958 3538 ipse
986 3475 1046 3517 noo
1073 3455 1203 3517 dimictit
1230 3454 1361 3517 dormire
1385 3453 1497 3538 aliquas
1518 3456 1642 3537 quietas,
1664 3469 1693 3514 et

404 3563 468 3637 ipse
479 3551 536 3616 sub
549 3568 637 3616 nocte
650 3574 711 3616 non
724 3555 873 3638 permictit
885 3554 1031 3630 dormire3
1045 3554 1097 3617 sod
1110 3555 1228 3617 animus
1240 3568 1322 3617 artus
1333 3553 1461 3637 (circum
1472 3554 1501 3637 ἓ)
1512 3551 1601 3615 ouilia
1612 3551 1693 3614 ducit

404 3674 465 3716 non
486 3654 617 3738 sanguis,
638 3669 668 3717 et
689 3654 761 3716 dum
781 3656 844 3738 ipse
865 3655 1058 3740 apprehendit
1071 3654 1149 3718 colla
1171 3674 1282 3731 tenera,
1298 3669 1328 3716 et
1349 3655 1411 3737 ipse
1433 3652 1571 3737 relinquit
1591 3651 1693 3714 dentes

404 3754 436 3818 iu
456 3752 588 3816 faucibus
609 3755 682 3818 eius.
703 3757 808 3818 Amica
838 3756 925 3837 mitij,
952 3756 1090 3839 quotiens
1122 3775 1180 3839 ego
1208 3754 1295 3816 rideo
1322 3774 1402 3829 eum,
1423 3773 1480 3836 ego
1508 3751 1589 3814 rideo
1613 3752 1693 3835 quod

404 3851 509 3915 dentes
529 3868 656 3938 tangunt
677 3875 753 3917 unus
773 3854 875 3929 alium,
895 3854 1021 3939 qualiter
1042 3858 1105 3938 ipse
1125 3856 1264 3939 antiquus
1287 3854 1361 3938 petit
1380 3853 1488 3936 spissas
1509 3852 1643 3934 nuptias3
1664 3867 1694 3913 et

405 3952 469 4036 ipse
488 3953 529 4016 ita
549 3972 638 4016 senes
660 3952 804 4038 estquod
825 3952 920 4016 exalat
942 3953 1065 4016 ietorem
1087 3973 1124 4016 ex
1145 3973 1238 4016 ore...

490 4050 602 4115 Tertius
622 4051 691 4115 ille:
712 4053 858 4117 Describit
870 4053 973 4130 alium,
988 4068 1018 4116 et
1039 4052 1130 4117 dicit:
1145 4054 1260 4129 tertius,
1274 4052 1406 4114 distortis
1421 4049 1560 4114 cornibus
1575 4066 1694 4133 propter

405 4152 584 4237 superbiam,
605 4167 634 4214 et
655 4151 770 4215 feruens
791 4153 915 4216 obseura
937 4152 1063 4230 luxuria,
1085 4152 1162 4214 male
1184 4167 1329 4236 temperat
1351 4172 1382 4214 se
1403 4173 1419 4212 a
1442 4148 1550 4213 teneris
1565 4150 1642 4211 edis:
1664 4164 1693 4211 et

407 4253 469 4336 ipsa
489 4252 571 4314 curia
593 4270 715 4313 romana
736 4250 863 4314 multum
884 4266 1002 4314 tenetur
1021 4252 1103 4335 ipsis,
1123 4252 1192 4336 quis
1214 4248 1348 4312 lecerunt
1369 4248 1479 4311 multos
1502 4246 1608 4309 filios...
1624 4246 1692 4307 ilic:
1747 4263 1749 4268 ·

407 4350 546 4415 describit
565 4350 657 4414 alium
678 4366 708 4412 et
721 4350 809 4413 dicit:
826 4350 907 4413 tides
921 4350 1005 4414 illum
1026 4366 1172 4436 quantum
1187 4352 1250 4433 ipse
1271 4369 1327 4411 suo
1349 4363 1482 4431 tempore
1504 4346 1558 4408 l‘uit
1579 4346 1693 4407 deditus

408 4449 519 4514 libidini
541 4466 571 4514 et
591 4466 636 4513 est
657 4451 698 4513 ita
719 4451 912 4535 antiquitatus
932 4450 1012 4534 qnod
1038 4452 1114 4512 iacet
1136 4466 1165 4512 et
1187 4464 1324 4533 expectat
1346 4450 1494 4511 mortem?
1508 4445 1559 4507 sed
1579 4444 1693 4506 solebat

406 4547 536 4636 [optare]
558 4549 664 4612 uirides
685 4548 797 4635 puellas
818 4565 848 4612 et
869 4549 992 4612 nobiles.
1013 4585 1035 4597 -
1060 4552 1098 4611 Et
1126 4547 1175 4611 ille
1195 4548 1271 4611 alter
1299 4570 1358 4610 nnn
1380 4547 1517 4610 discurrit
1544 4565 1596 4627 per
1616 4546 1695 4606 ciri-

406 4666 498 4714 tatem
528 4649 685 4725 avinionis,
713 4657 764 4712 sed
792 4650 872 4712 uadit
900 4670 951 4732 per
977 4650 1034 4712 aliu
1067 4648 1134 4711 loca
1166 4664 1196 4711 et
1227 4648 1300 4710 alias
1328 4649 1495 4731 provincias
1498 4691 1568 4707 .......
1599 4679 1619 4692 -
1641 4643 1694 4705 ilic

405 4747 534 4813 multum
554 4762 639 4813 curat
666 4748 702 4811 de
722 4748 837 4812 luxuria
865 4765 895 4812 et
915 4763 960 4811 est
986 4768 1092 4811 auarus
1113 4748 1155 4811 ita
1182 4745 1263 4835 quod
1284 4748 1346 4811 sitit
1374 4763 1404 4811 et
1431 4745 1557 4809 libenter
1577 4745 1694 4825 appetit
