<?xml version="1.0" encoding="UTF-8"?>
<!DOCTYPE html PUBLIC "-//W3C//DTD XHTML 1.0 Transitional//EN"
    "http://www.w3.org/TR/xhtml1/DTD/xhtml1-transitional.dtd">
<html xmlns="http://www.w3.org/1999/xhtml" xml:lang="en" lang="en">
 <head>
  <title>
</title>
<meta http-equiv="Content-Type" content="text/html;charset=utf-8" />
  <meta name='ocr-system' content='tesseract 3.04.00' />
  <meta name='ocr-capabilities' content='ocr_page ocr_carea ocr_par ocr_line ocrx_word'/>
</head>
<body>
  <div class='ocr_page' id='page_1' title='image "./ilbucolicumcarm00avengoog_0292.png"; bbox 0 0 4125 5217; ppageno 0'>
   <div class='ocr_carea' id='block_1_1' title="bbox 825 376 1173 456">
    <p class='ocr_par' dir='ltr' id='par_1_1' title="bbox 825 376 1173 456">
     <span class='ocr_line' id='line_1_1' title="bbox 825 376 1173 456; baseline 0 -1"><span class='ocrx_word' id='word_1_1' title='bbox 825 376 827 381; x_wconf 70' lang='grc'><strong><em>’</em></strong></span> <span class='ocrx_word' id='word_1_2' title='bbox 894 406 1044 456; x_wconf 73' lang='lat' dir='ltr'>turonio</span> <span class='ocrx_word' id='word_1_3' title='bbox 1066 407 1173 456; x_wconf 76' lang='lat' dir='ltr'>avaut</span> 
     </span>
    </p>
   </div>
   <div class='ocr_carea' id='block_1_2' title="bbox 880 849 1111 945">
    <p class='ocr_par' dir='ltr' id='par_1_2' title="bbox 880 849 1111 945">
     <span class='ocr_line' id='line_1_2' title="bbox 880 849 1111 945; baseline -0.009 -25"><span class='ocrx_word' id='word_1_4' title='bbox 880 850 1031 945; x_wconf 74' lang='lat' dir='ltr'>[Emona</span> <span class='ocrx_word' id='word_1_5' title='bbox 1056 849 1111 944; x_wconf 87' lang='grc' dir='ltr'>Χ.]</span> 
     </span>
    </p>
   </div>
   <div class='ocr_carea' id='block_1_3' title="bbox 381 1157 1692 3035">
    <p class='ocr_par' dir='ltr' id='par_1_3' title="bbox 381 1157 1687 2235">
     <span class='ocr_line' id='line_1_3' title="bbox 483 1157 1679 1243; baseline 0 -22"><span class='ocrx_word' id='word_1_6' title='bbox 483 1158 571 1236; x_wconf 83' lang='lat' dir='ltr'>Quid,</span> <span class='ocrx_word' id='word_1_7' title='bbox 592 1157 730 1221; x_wconf 82' lang='lat' dir='ltr'>Sil-nuuc:</span> <span class='ocrx_word' id='word_1_8' title='bbox 752 1162 809 1222; x_wconf 90' lang='lat' dir='ltr'>lsta</span> <span class='ocrx_word' id='word_1_9' title='bbox 831 1174 875 1222; x_wconf 90' lang='lat' dir='ltr'>est</span> <span class='ocrx_word' id='word_1_10' title='bbox 896 1158 1001 1243; x_wconf 80' lang='lat' dir='ltr'>egloga</span> <span class='ocrx_word' id='word_1_11' title='bbox 1024 1161 1145 1222; x_wconf 87' lang='lat' dir='ltr'>Decima</span> <span class='ocrx_word' id='word_1_12' title='bbox 1159 1161 1243 1221; x_wconf 90' lang='lat' dir='ltr'>cuius</span> <span class='ocrx_word' id='word_1_13' title='bbox 1258 1157 1359 1221; x_wconf 88' lang='lat' dir='ltr'>titulus</span> <span class='ocrx_word' id='word_1_14' title='bbox 1381 1174 1425 1219; x_wconf 92' lang='lat' dir='ltr'>est</span> <span class='ocrx_word' id='word_1_15' title='bbox 1442 1160 1583 1220; x_wconf 77' lang='lat' dir='ltr'>«Laurea</span> <span class='ocrx_word' id='word_1_16' title='bbox 1604 1161 1679 1221; x_wconf 86' lang='lat' dir='ltr'>occi·</span> 
     </span>
     <span class='ocr_line' id='line_1_4' title="bbox 381 1256 1681 1343; baseline 0.004 -27"><span class='ocrx_word' id='word_1_17' title='bbox 381 1257 507 1321; x_wconf 71' lang='lat' dir='ltr'>deus.»</span> <span class='ocrx_word' id='word_1_18' title='bbox 524 1259 647 1321; x_wconf 87' lang='lat' dir='ltr'>Materia</span> <span class='ocrx_word' id='word_1_19' title='bbox 668 1274 713 1321; x_wconf 88' lang='lat' dir='ltr'>est</span> <span class='ocrx_word' id='word_1_20' title='bbox 733 1256 850 1342; x_wconf 82' lang='lat' dir='ltr'>querela</span> <span class='ocrx_word' id='word_1_21' title='bbox 872 1259 909 1321; x_wconf 92' lang='lat' dir='ltr'>de</span> <span class='ocrx_word' id='word_1_22' title='bbox 929 1273 992 1321; x_wconf 89' lang='lat' dir='ltr'>arte</span> <span class='ocrx_word' id='word_1_23' title='bbox 1006 1259 1120 1343; x_wconf 86' lang='lat' dir='ltr'>poetica</span> <span class='ocrx_word' id='word_1_24' title='bbox 1135 1278 1224 1342; x_wconf 85' lang='lat' dir='ltr'>quam</span> <span class='ocrx_word' id='word_1_25' title='bbox 1244 1260 1305 1341; x_wconf 90' lang='lat' dir='ltr'>ipse</span> <span class='ocrx_word' id='word_1_26' title='bbox 1325 1256 1559 1320; x_wconf 80' lang='lat' dir='ltr'>ridet-deiicere.</span> <span class='ocrx_word' id='word_1_27' title='bbox 1581 1261 1619 1321; x_wconf 81' lang='lat' dir='ltr'>Et</span> <span class='ocrx_word' id='word_1_28' title='bbox 1640 1260 1681 1320; x_wconf 87' lang='lat' dir='ltr'>in·</span> 
     </span>
     <span class='ocr_line' id='line_1_5' title="bbox 402 1355 1681 1442; baseline -0.001 -21"><span class='ocrx_word' id='word_1_29' title='bbox 402 1356 587 1421; x_wconf 87' lang='lat' dir='ltr'>cidentaiiter</span> <span class='ocrx_word' id='word_1_30' title='bbox 611 1357 679 1420; x_wconf 85' lang='lat' dir='ltr'>iacit</span> <span class='ocrx_word' id='word_1_31' title='bbox 707 1359 887 1420; x_wconf 74' lang='lat' dir='ltr'>mentionem</span> <span class='ocrx_word' id='word_1_32' title='bbox 908 1358 946 1420; x_wconf 93' lang='lat' dir='ltr'>de</span> <span class='ocrx_word' id='word_1_33' title='bbox 965 1358 1067 1421; x_wconf 90' lang='lat' dir='ltr'>multis</span> <span class='ocrx_word' id='word_1_34' title='bbox 1088 1359 1181 1442; x_wconf 89' lang='lat' dir='ltr'>poetis</span> <span class='ocrx_word' id='word_1_35' title='bbox 1202 1372 1231 1420; x_wconf 87' lang='lat' dir='ltr'>et</span> <span class='ocrx_word' id='word_1_36' title='bbox 1252 1358 1345 1441; x_wconf 88' lang='lat' dir='ltr'>grecis</span> <span class='ocrx_word' id='word_1_37' title='bbox 1369 1373 1399 1419; x_wconf 88' lang='lat' dir='ltr'>et</span> <span class='ocrx_word' id='word_1_38' title='bbox 1420 1355 1549 1420; x_wconf 82' lang='lat' dir='ltr'>barbaris</span> <span class='ocrx_word' id='word_1_39' title='bbox 1570 1372 1600 1420; x_wconf 91' lang='lat' dir='ltr'>et</span> <span class='ocrx_word' id='word_1_40' title='bbox 1619 1356 1681 1421; x_wconf 90' lang='lat' dir='ltr'>lati·</span> 
     </span>
     <span class='ocr_line' id='line_1_6' title="bbox 402 1455 1682 1541; baseline 0 -22"><span class='ocrx_word' id='word_1_41' title='bbox 402 1458 457 1519; x_wconf 87' lang='lat' dir='ltr'>nis.</span> <span class='ocrx_word' id='word_1_42' title='bbox 479 1459 580 1520; x_wconf 91' lang='lat' dir='ltr'>Potest</span> <span class='ocrx_word' id='word_1_43' title='bbox 600 1458 688 1519; x_wconf 91' lang='lat' dir='ltr'>etiam</span> <span class='ocrx_word' id='word_1_44' title='bbox 710 1456 834 1539; x_wconf 79' lang='lat' dir='ltr'><strong>intelligi</strong></span> <span class='ocrx_word' id='word_1_45' title='bbox 862 1457 941 1540; x_wconf 89' lang='lat' dir='ltr'>quod</span> <span class='ocrx_word' id='word_1_46' title='bbox 969 1458 1112 1541; x_wconf 85' lang='lat' dir='ltr'>equicoce</span> <span class='ocrx_word' id='word_1_47' title='bbox 1136 1459 1198 1540; x_wconf 89' lang='lat' dir='ltr'>ipse</span> <span class='ocrx_word' id='word_1_48' title='bbox 1222 1456 1401 1518; x_wconf 80' lang='lat' dir='ltr'>mentionem</span> <span class='ocrx_word' id='word_1_49' title='bbox 1423 1455 1509 1518; x_wconf 84' lang='lat' dir='ltr'>iaciat</span> <span class='ocrx_word' id='word_1_50' title='bbox 1529 1458 1566 1520; x_wconf 92' lang='lat' dir='ltr'>de</span> <span class='ocrx_word' id='word_1_51' title='bbox 1586 1472 1682 1519; x_wconf 89' lang='lat' dir='ltr'>morte</span> 
     </span>
     <span class='ocr_line' id='line_1_7' title="bbox 383 1554 1681 1641; baseline -0.004 -19"><span class='ocrx_word' id='word_1_52' title='bbox 383 1554 682 1622; x_wconf 69' lang='lat' dir='ltr'>‚Laurcclanobilis</span> <span class='ocrx_word' id='word_1_53' title='bbox 696 1556 825 1620; x_wconf 84' lang='lat' dir='ltr'>mulieris</span> <span class='ocrx_word' id='word_1_54' title='bbox 840 1578 929 1641; x_wconf 81' lang='lat' dir='ltr'>quam</span> <span class='ocrx_word' id='word_1_55' title='bbox 944 1556 1091 1619; x_wconf 77' lang='lat' dir='ltr'>adamavit</span> <span class='ocrx_word' id='word_1_56' title='bbox 1106 1571 1134 1618; x_wconf 95' lang='lat' dir='ltr'>et</span> <span class='ocrx_word' id='word_1_57' title='bbox 1148 1576 1237 1640; x_wconf 86' lang='lat' dir='ltr'>quam</span> <span class='ocrx_word' id='word_1_58' title='bbox 1249 1555 1395 1619; x_wconf 76' lang='lat' dir='ltr'>celebrem</span> <span class='ocrx_word' id='word_1_59' title='bbox 1410 1571 1543 1618; x_wconf 78' lang='lat' dir='ltr'>autema</span> <span class='ocrx_word' id='word_1_60' title='bbox 1565 1556 1681 1639; x_wconf 85' lang='lat' dir='ltr'>eloquia</span> 
     </span>
     <span class='ocr_line' id='line_1_8' title="bbox 404 1654 1684 1739; baseline -0.001 -21"><span class='ocrx_word' id='word_1_61' title='bbox 404 1654 601 1718; x_wconf 87' lang='lat' dir='ltr'>reddiderunt.</span> <span class='ocrx_word' id='word_1_62' title='bbox 624 1658 740 1717; x_wconf 88' lang='lat' dir='ltr'>Mortua</span> <span class='ocrx_word' id='word_1_63' title='bbox 763 1656 841 1716; x_wconf 91' lang='lat' dir='ltr'>enim</span> <span class='ocrx_word' id='word_1_64' title='bbox 863 1670 907 1717; x_wconf 91' lang='lat' dir='ltr'>est</span> <span class='ocrx_word' id='word_1_65' title='bbox 928 1675 964 1717; x_wconf 92' lang='lat' dir='ltr'>co</span> <span class='ocrx_word' id='word_1_66' title='bbox 985 1655 1115 1730; x_wconf 89' lang='lat' dir='ltr'>absente,</span> <span class='ocrx_word' id='word_1_67' title='bbox 1136 1670 1169 1718; x_wconf 93' lang='lat' dir='ltr'>ut</span> <span class='ocrx_word' id='word_1_68' title='bbox 1189 1657 1219 1717; x_wconf 91' lang='lat' dir='ltr'>in</span> <span class='ocrx_word' id='word_1_69' title='bbox 1236 1654 1295 1717; x_wconf 87' lang='lat' dir='ltr'>hne</span> <span class='ocrx_word' id='word_1_70' title='bbox 1315 1654 1422 1739; x_wconf 87' lang='lat' dir='ltr'>egloge</span> <span class='ocrx_word' id='word_1_71' title='bbox 1442 1655 1563 1739; x_wconf 91' lang='lat' dir='ltr'>patebit.</span> <span class='ocrx_word' id='word_1_72' title='bbox 1585 1655 1684 1718; x_wconf 82' lang='lat' dir='ltr'>Collo</span> 
     </span>
     <span class='ocr_line' id='line_1_9' title="bbox 403 1754 1683 1839; baseline -0.002 -20"><span class='ocrx_word' id='word_1_73' title='bbox 403 1769 522 1819; x_wconf 88' lang='lat' dir='ltr'>cutores</span> <span class='ocrx_word' id='word_1_74' title='bbox 542 1769 612 1817; x_wconf 86' lang='lat' dir='ltr'>sunt</span> <span class='ocrx_word' id='word_1_75' title='bbox 625 1755 759 1817; x_wconf 79' lang='lat' dir='ltr'>Socrates</span> <span class='ocrx_word' id='word_1_76' title='bbox 781 1770 810 1816; x_wconf 90' lang='lat' dir='ltr'>et</span> <span class='ocrx_word' id='word_1_77' title='bbox 831 1754 983 1827; x_wconf 67' lang='lat' dir='ltr'>Silvanum</span> <span class='ocrx_word' id='word_1_78' title='bbox 997 1756 1163 1818; x_wconf 80' lang='lat' dir='ltr'>Socrateca</span> <span class='ocrx_word' id='word_1_79' title='bbox 1185 1776 1294 1839; x_wconf 87' lang='lat' dir='ltr'>magno</span> <span class='ocrx_word' id='word_1_80' title='bbox 1308 1758 1429 1818; x_wconf 88' lang='lat' dir='ltr'>Socrate</span> <span class='ocrx_word' id='word_1_81' title='bbox 1448 1756 1544 1818; x_wconf 89' lang='lat' dir='ltr'>dictus</span> <span class='ocrx_word' id='word_1_82' title='bbox 1564 1755 1683 1839; x_wconf 88' lang='lat' dir='ltr'>quidam</span> 
     </span>
     <span class='ocr_line' id='line_1_10' title="bbox 405 1854 1685 1940; baseline -0.002 -22"><span class='ocrx_word' id='word_1_83' title='bbox 405 1856 572 1919; x_wconf 85' lang='lat' dir='ltr'>Germanus</span> <span class='ocrx_word' id='word_1_84' title='bbox 594 1855 713 1916; x_wconf 85' lang='lat' dir='ltr'>nomiae</span> <span class='ocrx_word' id='word_1_85' title='bbox 727 1855 863 1916; x_wconf 78' lang='lat' dir='ltr'>Lot-isius</span> <span class='ocrx_word' id='word_1_86' title='bbox 877 1856 906 1917; x_wconf 90' lang='lat' dir='ltr'>in</span> <span class='ocrx_word' id='word_1_87' title='bbox 923 1856 1035 1918; x_wconf 77' lang='lat' dir='ltr'>Musica</span> <span class='ocrx_word' id='word_1_88' title='bbox 1056 1876 1175 1940; x_wconf 89' lang='lat' dir='ltr'>quoque</span> <span class='ocrx_word' id='word_1_89' title='bbox 1190 1857 1380 1939; x_wconf 86' lang='lat' dir='ltr'>peritissimus</span> <span class='ocrx_word' id='word_1_90' title='bbox 1402 1870 1430 1918; x_wconf 92' lang='lat' dir='ltr'>ct</span> <span class='ocrx_word' id='word_1_91' title='bbox 1452 1854 1685 1917; x_wconf 79' lang='lat' dir='ltr'>modestissimus</span> 
     </span>
     <span class='ocr_line' id='line_1_11' title="bbox 404 1952 1686 2038; baseline -0.002 -21"><span class='ocrx_word' id='word_1_92' title='bbox 404 1968 439 2017; x_wconf 92' lang='lat' dir='ltr'>ut</span> <span class='ocrx_word' id='word_1_93' title='bbox 459 1955 595 2016; x_wconf 83' lang='lat' dir='ltr'>Socrates</span> <span class='ocrx_word' id='word_1_94' title='bbox 616 1952 671 2015; x_wconf 86' lang='lat' dir='ltr'>fuit</span> <span class='ocrx_word' id='word_1_95' title='bbox 691 1969 720 2015; x_wconf 92' lang='lat' dir='ltr'>ct</span> <span class='ocrx_word' id='word_1_96' title='bbox 740 1955 897 2016; x_wconf 89' lang='lat' dir='ltr'>consocius</span> <span class='ocrx_word' id='word_1_97' title='bbox 911 1968 940 2015; x_wconf 93' lang='lat' dir='ltr'>et</span> <span class='ocrx_word' id='word_1_98' title='bbox 955 1956 1067 2017; x_wconf 90' lang='lat' dir='ltr'>amicus</span> <span class='ocrx_word' id='word_1_99' title='bbox 1082 1970 1227 2038; x_wconf 84' lang='lat' dir='ltr'>petrarce;</span> <span class='ocrx_word' id='word_1_100' title='bbox 1241 1954 1376 2018; x_wconf 85' lang='lat' dir='ltr'>Silvanus</span> <span class='ocrx_word' id='word_1_101' title='bbox 1391 1956 1454 2038; x_wconf 89' lang='lat' dir='ltr'>ipse</span> <span class='ocrx_word' id='word_1_102' title='bbox 1469 1971 1584 2037; x_wconf 88' lang='lat' dir='ltr'>poetaa</span> <span class='ocrx_word' id='word_1_103' title='bbox 1606 1953 1686 2018; x_wconf 77' lang='lat' dir='ltr'>Silva</span> 
     </span>
     <span class='ocr_line' id='line_1_12' title="bbox 404 2051 1687 2137; baseline -0.002 -22"><span class='ocrx_word' id='word_1_104' title='bbox 404 2052 512 2127; x_wconf 88' lang='lat' dir='ltr'>dictus,</span> <span class='ocrx_word' id='word_1_105' title='bbox 532 2067 566 2115; x_wconf 93' lang='lat' dir='ltr'>ut</span> <span class='ocrx_word' id='word_1_106' title='bbox 587 2053 617 2114; x_wconf 91' lang='lat' dir='ltr'>in</span> <span class='ocrx_word' id='word_1_107' title='bbox 637 2052 731 2135; x_wconf 90' lang='lat' dir='ltr'>prima</span> <span class='ocrx_word' id='word_1_108' title='bbox 753 2051 870 2136; x_wconf 81' lang='lat' dir='ltr'>egloga.</span> <span class='ocrx_word' id='word_1_109' title='bbox 892 2053 1002 2115; x_wconf 84' lang='lat' dir='ltr'>Videns</span> <span class='ocrx_word' id='word_1_110' title='bbox 1023 2055 1122 2137; x_wconf 90' lang='lat' dir='ltr'>itaque</span> <span class='ocrx_word' id='word_1_111' title='bbox 1136 2055 1271 2116; x_wconf 81' lang='lat' dir='ltr'>Socrates</span> <span class='ocrx_word' id='word_1_112' title='bbox 1285 2052 1438 2116; x_wconf 86' lang='lat' dir='ltr'>Silvanum</span> <span class='ocrx_word' id='word_1_113' title='bbox 1460 2054 1574 2115; x_wconf 83' lang='lat' dir='ltr'>tristem</span> <span class='ocrx_word' id='word_1_114' title='bbox 1595 2051 1687 2137; x_wconf 88' lang='lat' dir='ltr'>loqui,</span> 
     </span>
     <span class='ocr_line' id='line_1_13' title="bbox 404 2152 1517 2235; baseline -0.001 -22"><span class='ocrx_word' id='word_1_115' title='bbox 404 2152 509 2234; x_wconf 85' lang='lat' dir='ltr'>incipit</span> <span class='ocrx_word' id='word_1_116' title='bbox 528 2171 653 2235; x_wconf 91' lang='lat' dir='ltr'>querens</span> <span class='ocrx_word' id='word_1_117' title='bbox 673 2171 731 2235; x_wconf 91' lang='lat' dir='ltr'>que</span> <span class='ocrx_word' id='word_1_118' title='bbox 751 2153 789 2214; x_wconf 88' lang='lat' dir='ltr'>sit</span> <span class='ocrx_word' id='word_1_119' title='bbox 810 2173 898 2215; x_wconf 90' lang='lat' dir='ltr'>causa</span> <span class='ocrx_word' id='word_1_120' title='bbox 918 2152 1028 2214; x_wconf 91' lang='lat' dir='ltr'>doloris</span> <span class='ocrx_word' id='word_1_121' title='bbox 1049 2154 1104 2228; x_wconf 90' lang='lat' dir='ltr'>sui,</span> <span class='ocrx_word' id='word_1_122' title='bbox 1126 2169 1155 2214; x_wconf 91' lang='lat' dir='ltr'>et</span> <span class='ocrx_word' id='word_1_123' title='bbox 1175 2153 1264 2215; x_wconf 86' lang='lat' dir='ltr'>dicit:</span> <span class='ocrx_word' id='word_1_124' title='bbox 1288 2153 1368 2227; x_wconf 80' lang='lat' dir='ltr'>Quid</span> <span class='ocrx_word' id='word_1_125' title='bbox 1387 2159 1434 2214; x_wconf 81' lang='lat' dir='ltr'>eie.</span> <span class='ocrx_word' id='word_1_126' title='bbox 1456 2152 1471 2233; x_wconf 95' lang='lat'>(</span> <span class='ocrx_word' id='word_1_127' title='bbox 1493 2152 1517 2232; x_wconf 89' lang='lat'>).</span> 
     </span>
    </p>

    <p class='ocr_par' dir='ltr' id='par_1_4' title="bbox 405 2250 1692 3035">
     <span class='ocr_line' id='line_1_14' title="bbox 487 2250 1688 2336; baseline 0.002 -24"><span class='ocrx_word' id='word_1_128' title='bbox 487 2252 652 2313; x_wconf 77' lang='lat' dir='ltr'>Druentia:</span> <span class='ocrx_word' id='word_1_129' title='bbox 672 2251 780 2313; x_wconf 78' lang='lat' dir='ltr'>fluvius</span> <span class='ocrx_word' id='word_1_130' title='bbox 801 2272 837 2313; x_wconf 84' lang='lat' dir='ltr'>es</span> <span class='ocrx_word' id='word_1_131' title='bbox 858 2250 972 2335; x_wconf 87' lang='lat' dir='ltr'>alpibus</span> <span class='ocrx_word' id='word_1_132' title='bbox 999 2251 1094 2314; x_wconf 84' lang='lat' dir='ltr'>fluens</span> <span class='ocrx_word' id='word_1_133' title='bbox 1122 2267 1152 2314; x_wconf 92' lang='lat' dir='ltr'>et</span> <span class='ocrx_word' id='word_1_134' title='bbox 1179 2252 1255 2335; x_wconf 88' lang='lat' dir='ltr'>apud</span> <span class='ocrx_word' id='word_1_135' title='bbox 1276 2251 1432 2336; x_wconf 85' lang='lat' dir='ltr'>alobrogas</span> <span class='ocrx_word' id='word_1_136' title='bbox 1460 2254 1489 2314; x_wconf 92' lang='lat' dir='ltr'>in</span> <span class='ocrx_word' id='word_1_137' title='bbox 1512 2251 1688 2317; x_wconf 81' lang='lat' dir='ltr'>Rhodanum</span> 
     </span>
     <span class='ocr_line' id='line_1_15' title="bbox 407 2349 1689 2433; baseline 0 -20"><span class='ocrx_word' id='word_1_138' title='bbox 407 2370 439 2413; x_wconf 90' lang='lat' dir='ltr'>sc</span> <span class='ocrx_word' id='word_1_139' title='bbox 459 2370 492 2412; x_wconf 90' lang='lat' dir='ltr'>se</span> <span class='ocrx_word' id='word_1_140' title='bbox 512 2369 659 2433; x_wconf 88' lang='lat' dir='ltr'>mergens,</span> <span class='ocrx_word' id='word_1_141' title='bbox 680 2352 804 2412; x_wconf 90' lang='lat' dir='ltr'>transitu</span> <span class='ocrx_word' id='word_1_142' title='bbox 827 2371 877 2433; x_wconf 91' lang='lat' dir='ltr'>pre</span> <span class='ocrx_word' id='word_1_143' title='bbox 898 2353 1002 2414; x_wconf 89' lang='lat' dir='ltr'>ceteris</span> <span class='ocrx_word' id='word_1_144' title='bbox 1023 2350 1119 2414; x_wconf 80' lang='lat' dir='ltr'>Gallie</span> <span class='ocrx_word' id='word_1_145' title='bbox 1133 2350 1302 2413; x_wconf 84' lang='lat' dir='ltr'>fltttninibus</span> <span class='ocrx_word' id='word_1_146' title='bbox 1322 2349 1458 2427; x_wconf 86' lang='lat' dir='ltr'>difficilis,</span> <span class='ocrx_word' id='word_1_147' title='bbox 1479 2372 1496 2411; x_wconf 87' lang='lat' dir='ltr'>a</span> <span class='ocrx_word' id='word_1_148' title='bbox 1519 2352 1628 2413; x_wconf 89' lang='lat' dir='ltr'>ruendo</span> <span class='ocrx_word' id='word_1_149' title='bbox 1649 2352 1689 2413; x_wconf 90' lang='lat' dir='ltr'>di-</span> 
     </span>
     <span class='ocr_line' id='line_1_16' title="bbox 406 2449 1690 2534; baseline 0 -20"><span class='ocrx_word' id='word_1_150' title='bbox 406 2466 493 2527; x_wconf 86' lang='lat' dir='ltr'>ctus;</span> <span class='ocrx_word' id='word_1_151' title='bbox 515 2449 621 2533; x_wconf 87' lang='lat' dir='ltr'>globos</span> <span class='ocrx_word' id='word_1_152' title='bbox 642 2451 719 2512; x_wconf 90' lang='lat' dir='ltr'>enim</span> <span class='ocrx_word' id='word_1_153' title='bbox 741 2471 845 2512; x_wconf 76' lang='lat' dir='ltr'>saxeos</span> <span class='ocrx_word' id='word_1_154' title='bbox 860 2466 889 2513; x_wconf 91' lang='lat' dir='ltr'>ct</span> <span class='ocrx_word' id='word_1_155' title='bbox 903 2465 1013 2512; x_wconf 88' lang='lat' dir='ltr'>terreos</span> <span class='ocrx_word' id='word_1_156' title='bbox 1027 2452 1139 2534; x_wconf 89' lang='lat' dir='ltr'>impetu</span> <span class='ocrx_word' id='word_1_157' title='bbox 1160 2450 1251 2526; x_wconf 83' lang='lat' dir='ltr'>ducit,</span> <span class='ocrx_word' id='word_1_158' title='bbox 1266 2450 1332 2512; x_wconf 92' lang='lat' dir='ltr'>ideo</span> <span class='ocrx_word' id='word_1_159' title='bbox 1353 2450 1473 2534; x_wconf 86' lang='lat' dir='ltr'>pallidas</span> <span class='ocrx_word' id='word_1_160' title='bbox 1487 2472 1577 2533; x_wconf 87' lang='lat' dir='ltr'>aquas</span> <span class='ocrx_word' id='word_1_161' title='bbox 1591 2451 1690 2527; x_wconf 85' lang='lat' dir='ltr'>habet,</span> 
     </span>
     <span class='ocr_line' id='line_1_17' title="bbox 408 2548 1690 2633; baseline 0.002 -22"><span class='ocrx_word' id='word_1_162' title='bbox 408 2565 438 2611; x_wconf 93' lang='lat' dir='ltr'>et</span> <span class='ocrx_word' id='word_1_163' title='bbox 458 2550 597 2632; x_wconf 79' lang='lat' dir='ltr'>Acinionj</span> <span class='ocrx_word' id='word_1_164' title='bbox 619 2552 770 2633; x_wconf 84' lang='lat' dir='ltr'>prosimus</span> <span class='ocrx_word' id='word_1_165' title='bbox 791 2559 844 2611; x_wconf 87' lang='lat' dir='ltr'>est.</span> <span class='ocrx_word' id='word_1_166' title='bbox 866 2585 885 2597; x_wconf 95' lang='lat'>·</span> <span class='ocrx_word' id='word_1_167' title='bbox 906 2548 1054 2611; x_wconf 82' lang='lat' dir='ltr'>nridnlmu</span> <span class='ocrx_word' id='word_1_168' title='bbox 1075 2567 1146 2615; x_wconf 81' lang='lat' dir='ltr'>rus:</span> <span class='ocrx_word' id='word_1_169' title='bbox 1167 2566 1195 2611; x_wconf 91' lang='lat' dir='ltr'>et</span> <span class='ocrx_word' id='word_1_170' title='bbox 1216 2550 1257 2612; x_wconf 90' lang='lat' dir='ltr'>sic</span> <span class='ocrx_word' id='word_1_171' title='bbox 1278 2551 1445 2613; x_wconf 78' lang='lat' dir='ltr'>Asinioncn</span> <span class='ocrx_word' id='word_1_172' title='bbox 1469 2549 1594 2626; x_wconf 87' lang='lat' dir='ltr'>delatus,</span> <span class='ocrx_word' id='word_1_173' title='bbox 1609 2565 1641 2614; x_wconf 96' lang='lat' dir='ltr'>ut</span> <span class='ocrx_word' id='word_1_174' title='bbox 1660 2552 1690 2614; x_wconf 90' lang='lat' dir='ltr'>in</span> 
     </span>
     <span class='ocr_line' id='line_1_18' title="bbox 410 2648 1691 2733; baseline 0.005 -26"><span class='ocrx_word' id='word_1_175' title='bbox 410 2650 591 2711; x_wconf 78' lang='lat' dir='ltr'>«Ditortioa</span> <span class='ocrx_word' id='word_1_176' title='bbox 609 2671 696 2733; x_wconf 90' lang='lat' dir='ltr'>supra</span> <span class='ocrx_word' id='word_1_177' title='bbox 710 2651 793 2733; x_wconf 89' lang='lat' dir='ltr'>ponit</span> <span class='ocrx_word' id='word_1_178' title='bbox 808 2650 924 2733; x_wconf 80' lang='lat' dir='ltr'>egloga.</span> <span class='ocrx_word' id='word_1_179' title='bbox 940 2652 977 2712; x_wconf 81' lang='lat' dir='ltr'>Et</span> <span class='ocrx_word' id='word_1_180' title='bbox 990 2652 1058 2733; x_wconf 86' lang='lat' dir='ltr'>quia</span> <span class='ocrx_word' id='word_1_181' title='bbox 1074 2668 1183 2733; x_wconf 82' lang='lat' dir='ltr'>pauper</span> <span class='ocrx_word' id='word_1_182' title='bbox 1196 2648 1291 2712; x_wconf 81' lang='lat' dir='ltr'>stabat</span> <span class='ocrx_word' id='word_1_183' title='bbox 1306 2651 1334 2712; x_wconf 91' lang='lat' dir='ltr'>in</span> <span class='ocrx_word' id='word_1_184' title='bbox 1349 2651 1513 2723; x_wconf 82' lang='lat' dir='ltr'>Avenione,</span> <span class='ocrx_word' id='word_1_185' title='bbox 1527 2651 1658 2713; x_wconf 86' lang='lat' dir='ltr'>discessit</span> <span class='ocrx_word' id='word_1_186' title='bbox 1674 2672 1691 2713; x_wconf 85' lang='lat' dir='ltr'>a</span> 
     </span>
     <span class='ocr_line' id='line_1_19' title="bbox 408 2748 1692 2834; baseline 0.001 -23"><span class='ocrx_word' id='word_1_187' title='bbox 408 2749 542 2829; x_wconf 93' lang='lat' dir='ltr'>Johanne</span> <span class='ocrx_word' id='word_1_188' title='bbox 556 2750 711 2813; x_wconf 83' lang='lat' dir='ltr'>Cardinale</span> <span class='ocrx_word' id='word_1_189' title='bbox 725 2749 928 2826; x_wconf 75' lang='lat' dir='ltr'>colomnensi,</span> <span class='ocrx_word' id='word_1_190' title='bbox 949 2763 982 2812; x_wconf 93' lang='lat' dir='ltr'>ut</span> <span class='ocrx_word' id='word_1_191' title='bbox 1003 2770 1090 2834; x_wconf 90' lang='lat' dir='ltr'>supra</span> <span class='ocrx_word' id='word_1_192' title='bbox 1110 2751 1141 2812; x_wconf 89' lang='lat' dir='ltr'>in</span> <span class='ocrx_word' id='word_1_193' title='bbox 1161 2748 1359 2834; x_wconf 82' lang='lat' dir='ltr'>dicta-egloga</span> <span class='ocrx_word' id='word_1_194' title='bbox 1373 2748 1433 2812; x_wconf 87' lang='lat' dir='ltr'>late</span> <span class='ocrx_word' id='word_1_195' title='bbox 1453 2765 1543 2833; x_wconf 90' lang='lat' dir='ltr'>patet.</span> <span class='ocrx_word' id='word_1_196' title='bbox 1558 2784 1578 2798; x_wconf 93' lang='lat'>·</span> <span class='ocrx_word' id='word_1_197' title='bbox 1598 2750 1631 2812; x_wconf 87' lang='lat' dir='ltr'>id</span> <span class='ocrx_word' id='word_1_198' title='bbox 1651 2772 1692 2812; x_wconf 80' lang='lat' dir='ltr'>re·</span> 
     </span>
     <span class='ocr_line' id='line_1_20' title="bbox 405 2848 1691 2934; baseline 0.001 -24"><span class='ocrx_word' id='word_1_199' title='bbox 405 2856 533 2934; x_wconf 72' lang='lat' dir='ltr'>putans:</span> <span class='ocrx_word' id='word_1_200' title='bbox 554 2848 735 2934; x_wconf 87' lang='lat' dir='ltr'>dicitquod,</span> <span class='ocrx_word' id='word_1_201' title='bbox 756 2849 858 2911; x_wconf 79' lang='lat' dir='ltr'>sidens</span> <span class='ocrx_word' id='word_1_202' title='bbox 880 2863 1083 2931; x_wconf 90' lang='lat' dir='ltr'>paupertatem</span> <span class='ocrx_word' id='word_1_203' title='bbox 1102 2865 1346 2925; x_wconf 88' lang='lat' dir='ltr'>succrescentem,</span> <span class='ocrx_word' id='word_1_204' title='bbox 1364 2851 1514 2913; x_wconf 88' lang='lat' dir='ltr'>civitatem</span> <span class='ocrx_word' id='word_1_205' title='bbox 1537 2851 1691 2913; x_wconf 82' lang='lat' dir='ltr'>Acinionis</span> 
     </span>
     <span class='ocr_line' id='line_1_21' title="bbox 410 2947 1690 3035; baseline 0 -25"><span class='ocrx_word' id='word_1_206' title='bbox 410 2948 528 3035; x_wconf 91' lang='lat' dir='ltr'>reliquit</span> <span class='ocrx_word' id='word_1_207' title='bbox 548 2963 578 3012; x_wconf 94' lang='lat' dir='ltr'>et</span> <span class='ocrx_word' id='word_1_208' title='bbox 598 2950 628 3012; x_wconf 88' lang='lat' dir='ltr'>in</span> <span class='ocrx_word' id='word_1_209' title='bbox 643 2948 737 3011; x_wconf 80' lang='lat' dir='ltr'>Silvas</span> <span class='ocrx_word' id='word_1_210' title='bbox 759 2950 900 3032; x_wconf 90' lang='lat' dir='ltr'>processit</span> <span class='ocrx_word' id='word_1_211' title='bbox 920 2948 957 3010; x_wconf 93' lang='lat' dir='ltr'>ad</span> <span class='ocrx_word' id='word_1_212' title='bbox 970 2947 1089 3011; x_wconf 87' lang='lat' dir='ltr'>Vallem</span> <span class='ocrx_word' id='word_1_213' title='bbox 1103 2948 1251 3026; x_wconf 85' lang='lat' dir='ltr'>Clausam,</span> <span class='ocrx_word' id='word_1_214' title='bbox 1271 2947 1321 3011; x_wconf 91' lang='lat' dir='ltr'>ubi</span> <span class='ocrx_word' id='word_1_215' title='bbox 1343 2964 1387 3012; x_wconf 90' lang='lat' dir='ltr'>est</span> <span class='ocrx_word' id='word_1_216' title='bbox 1404 2950 1499 3033; x_wconf 86' lang='lat' dir='ltr'>Sorga</span> <span class='ocrx_word' id='word_1_217' title='bbox 1520 2948 1644 3033; x_wconf 90' lang='lat' dir='ltr'>nitens(</span> <span class='ocrx_word' id='word_1_218' title='bbox 1665 2950 1690 3033; x_wconf 92' lang='lat'>).</span> 
     </span>
    </p>
   </div>
   <div class='ocr_carea' id='block_1_4' title="bbox 331 3302 1709 4805">
    <p class='ocr_par' dir='ltr' id='par_1_5' title="bbox 331 3302 1709 4805">
     <span class='ocr_line' id='line_1_22' title="bbox 459 3302 1690 3379; baseline -0.003 -22"><span class='ocrx_word' id='word_1_219' title='bbox 459 3315 461 3318; x_wconf 82' lang='grc'>’</span> <span class='ocrx_word' id='word_1_220' title='bbox 482 3310 521 3372; x_wconf 85' lang='lat' dir='ltr'>(t)</span> <span class='ocrx_word' id='word_1_221' title='bbox 540 3302 594 3379; x_wconf 85' lang='lat' dir='ltr'>[Cr]</span> <span class='ocrx_word' id='word_1_222' title='bbox 613 3308 668 3358; x_wconf 88' lang='lat' dir='ltr'>llee</span> <span class='ocrx_word' id='word_1_223' title='bbox 680 3316 718 3357; x_wconf 84' lang='lat' dir='ltr'>est</span> <span class='ocrx_word' id='word_1_224' title='bbox 731 3306 829 3357; x_wconf 84' lang='lat' dir='ltr'>decima</span> <span class='ocrx_word' id='word_1_225' title='bbox 841 3306 939 3373; x_wconf 78' lang='lat' dir='ltr'>Egloge</span> <span class='ocrx_word' id='word_1_226' title='bbox 952 3306 1024 3358; x_wconf 77' lang='lat' dir='ltr'>valde</span> <span class='ocrx_word' id='word_1_227' title='bbox 1037 3306 1170 3366; x_wconf 83' lang='lat' dir='ltr'>mirabilis,</span> <span class='ocrx_word' id='word_1_228' title='bbox 1181 3306 1253 3358; x_wconf 87' lang='lat' dir='ltr'>cuias</span> <span class='ocrx_word' id='word_1_229' title='bbox 1266 3305 1353 3357; x_wconf 84' lang='lat' dir='ltr'>titulae</span> <span class='ocrx_word' id='word_1_230' title='bbox 1366 3314 1405 3356; x_wconf 88' lang='lat' dir='ltr'>est</span> <span class='ocrx_word' id='word_1_231' title='bbox 1425 3305 1533 3356; x_wconf 76' lang='lat' dir='ltr'>«harus</span> <span class='ocrx_word' id='word_1_232' title='bbox 1550 3304 1690 3356; x_wconf 78' lang='lat' dir='ltr'>occidens»</span> 
     </span>
     <span class='ocr_line' id='line_1_23' title="bbox 410 3395 1693 3464; baseline -0.002 -17"><span class='ocrx_word' id='word_1_233' title='bbox 410 3398 480 3464; x_wconf 88' lang='lat' dir='ltr'>quod</span> <span class='ocrx_word' id='word_1_234' title='bbox 499 3396 679 3463; x_wconf 86' lang='lat' dir='ltr'>interpretatur</span> <span class='ocrx_word' id='word_1_235' title='bbox 698 3397 773 3463; x_wconf 85' lang='lat' dir='ltr'>studij</span> <span class='ocrx_word' id='word_1_236' title='bbox 792 3396 931 3448; x_wconf 88' lang='lat' dir='ltr'>derelictio.</span> <span class='ocrx_word' id='word_1_237' title='bbox 950 3408 975 3446; x_wconf 87' lang='lat' dir='ltr'>et</span> <span class='ocrx_word' id='word_1_238' title='bbox 994 3397 1094 3456; x_wconf 90' lang='lat' dir='ltr'>merito,</span> <span class='ocrx_word' id='word_1_239' title='bbox 1115 3396 1221 3447; x_wconf 73' lang='lat' dir='ltr'>thurea</span> <span class='ocrx_word' id='word_1_240' title='bbox 1239 3395 1377 3447; x_wconf 75' lang='lat' dir='ltr'>occidens»</span> <span class='ocrx_word' id='word_1_241' title='bbox 1399 3402 1588 3456; x_wconf 65' lang='lat' dir='ltr'>coaetaneum</span> <span class='ocrx_word' id='word_1_242' title='bbox 1608 3395 1693 3446; x_wconf 84' lang='lat' dir='ltr'>nullus</span> 
     </span>
     <span class='ocr_line' id='line_1_24' title="bbox 411 3485 1709 3554; baseline -0.002 -15"><span class='ocrx_word' id='word_1_243' title='bbox 411 3488 443 3539; x_wconf 87' lang='lat' dir='ltr'>sit</span> <span class='ocrx_word' id='word_1_244' title='bbox 457 3488 534 3539; x_wconf 89' lang='lat' dir='ltr'>hodie</span> <span class='ocrx_word' id='word_1_245' title='bbox 552 3488 654 3538; x_wconf 83' lang='lat' dir='ltr'>deditos</span> <span class='ocrx_word' id='word_1_246' title='bbox 673 3487 758 3539; x_wconf 86' lang='lat' dir='ltr'>studio</span> <span class='ocrx_word' id='word_1_247' title='bbox 771 3487 879 3554; x_wconf 68' lang='lat' dir='ltr'>poetico,</span> <span class='ocrx_word' id='word_1_248' title='bbox 897 3487 937 3538; x_wconf 90' lang='lat' dir='ltr'>cui</span> <span class='ocrx_word' id='word_1_249' title='bbox 957 3488 1011 3538; x_wconf 88' lang='lat' dir='ltr'>sola</span> <span class='ocrx_word' id='word_1_250' title='bbox 1023 3487 1109 3538; x_wconf 82' lang='lat' dir='ltr'>laurea</span> <span class='ocrx_word' id='word_1_251' title='bbox 1120 3488 1235 3538; x_wconf 86' lang='lat' dir='ltr'>debetur.</span> <span class='ocrx_word' id='word_1_252' title='bbox 1249 3486 1327 3537; x_wconf 88' lang='lat' dir='ltr'>Nullo</span> <span class='ocrx_word' id='word_1_253' title='bbox 1339 3486 1408 3537; x_wconf 89' lang='lat' dir='ltr'>enim</span> <span class='ocrx_word' id='word_1_254' title='bbox 1421 3494 1535 3553; x_wconf 86' lang='lat' dir='ltr'>tempore</span> <span class='ocrx_word' id='word_1_255' title='bbox 1548 3486 1630 3554; x_wconf 82' lang='lat' dir='ltr'>potuit</span> <span class='ocrx_word' id='word_1_256' title='bbox 1643 3485 1693 3537; x_wconf 86' lang='lat' dir='ltr'>dici</span> <span class='ocrx_word' id='word_1_257' title='bbox 1707 3492 1709 3496; x_wconf 88' lang='lat'>&#39;</span> 
     </span>
     <span class='ocr_line' id='line_1_25' title="bbox 412 3575 1693 3644; baseline -0.003 -14"><span class='ocrx_word' id='word_1_258' title='bbox 412 3580 497 3629; x_wconf 85' lang='lat' dir='ltr'>laurea</span> <span class='ocrx_word' id='word_1_259' title='bbox 515 3577 633 3630; x_wconf 86' lang='lat' dir='ltr'>occidens</span> <span class='ocrx_word' id='word_1_260' title='bbox 652 3577 702 3628; x_wconf 88' lang='lat' dir='ltr'>nisi</span> <span class='ocrx_word' id='word_1_261' title='bbox 721 3594 797 3639; x_wconf 89' lang='lat' dir='ltr'>nunc,</span> <span class='ocrx_word' id='word_1_262' title='bbox 815 3578 875 3644; x_wconf 83' lang='lat' dir='ltr'>quia</span> <span class='ocrx_word' id='word_1_263' title='bbox 894 3593 983 3628; x_wconf 84' lang='lat' dir='ltr'>omnes</span> <span class='ocrx_word' id='word_1_264' title='bbox 1002 3594 1090 3629; x_wconf 85' lang='lat' dir='ltr'>sumus</span> <span class='ocrx_word' id='word_1_265' title='bbox 1103 3576 1209 3644; x_wconf 84' lang='lat' dir='ltr'>pecunie</span> <span class='ocrx_word' id='word_1_266' title='bbox 1225 3576 1311 3627; x_wconf 88' lang='lat' dir='ltr'>Dediti</span> <span class='ocrx_word' id='word_1_267' title='bbox 1323 3586 1349 3627; x_wconf 89' lang='lat' dir='ltr'>et</span> <span class='ocrx_word' id='word_1_268' title='bbox 1361 3576 1447 3628; x_wconf 83' lang='lat' dir='ltr'>studio</span> <span class='ocrx_word' id='word_1_269' title='bbox 1459 3575 1590 3628; x_wconf 83' lang='lat' dir='ltr'>lucrativo.</span> <span class='ocrx_word' id='word_1_270' title='bbox 1606 3585 1632 3628; x_wconf 86' lang='lat' dir='ltr'>et</span> <span class='ocrx_word' id='word_1_271' title='bbox 1645 3577 1693 3627; x_wconf 90' lang='lat' dir='ltr'>sub</span> 
     </span>
     <span class='ocr_line' id='line_1_26' title="bbox 410 3666 1693 3734; baseline -0.002 -16"><span class='ocrx_word' id='word_1_272' title='bbox 410 3668 534 3734; x_wconf 81' lang='lat' dir='ltr'>figmento</span> <span class='ocrx_word' id='word_1_273' title='bbox 552 3668 610 3719; x_wconf 83' lang='lat' dir='ltr'>iacit</span> <span class='ocrx_word' id='word_1_274' title='bbox 629 3668 783 3719; x_wconf 88' lang='lat' dir='ltr'>mentionem</span> <span class='ocrx_word' id='word_1_275' title='bbox 803 3670 836 3719; x_wconf 85' lang='lat' dir='ltr'>dc</span> <span class='ocrx_word' id='word_1_276' title='bbox 855 3685 901 3719; x_wconf 85' lang='lat' dir='ltr'>sua</span> <span class='ocrx_word' id='word_1_277' title='bbox 920 3668 1024 3719; x_wconf 87' lang='lat' dir='ltr'>domina</span> <span class='ocrx_word' id='word_1_278' title='bbox 1048 3668 1145 3719; x_wconf 86' lang='lat' dir='ltr'>laureta</span> <span class='ocrx_word' id='word_1_279' title='bbox 1162 3669 1196 3719; x_wconf 88' lang='lat' dir='ltr'>de</span> <span class='ocrx_word' id='word_1_280' title='bbox 1214 3684 1265 3734; x_wconf 84' lang='lat' dir='ltr'>qua</span> <span class='ocrx_word' id='word_1_281' title='bbox 1287 3666 1454 3734; x_wconf 80' lang='lat' dir='ltr'>phylooaptus</span> <span class='ocrx_word' id='word_1_282' title='bbox 1473 3666 1563 3726; x_wconf 85' lang='lat' dir='ltr'>iuerat,</span> <span class='ocrx_word' id='word_1_283' title='bbox 1583 3666 1693 3716; x_wconf 82' lang='lat' dir='ltr'>volendo</span> 
     </span>
     <span class='ocr_line' id='line_1_27' title="bbox 411 3754 1694 3826; baseline -0.002 -19"><span class='ocrx_word' id='word_1_284' title='bbox 411 3774 457 3824; x_wconf 89' lang='lat' dir='ltr'>per</span> <span class='ocrx_word' id='word_1_285' title='bbox 475 3758 541 3809; x_wconf 86' lang='lat' dir='ltr'>hane</span> <span class='ocrx_word' id='word_1_286' title='bbox 559 3759 682 3809; x_wconf 88' lang='lat' dir='ltr'>lauretam</span> <span class='ocrx_word' id='word_1_287' title='bbox 701 3758 798 3826; x_wconf 85' lang='lat' dir='ltr'>poesim</span> <span class='ocrx_word' id='word_1_288' title='bbox 818 3758 958 3809; x_wconf 84' lang='lat' dir='ltr'>nominare.</span> <span class='ocrx_word' id='word_1_289' title='bbox 978 3758 1036 3809; x_wconf 84' lang='lat' dir='ltr'>iecit</span> <span class='ocrx_word' id='word_1_290' title='bbox 1056 3756 1210 3809; x_wconf 85' lang='lat' dir='ltr'>mentionem</span> <span class='ocrx_word' id='word_1_291' title='bbox 1234 3758 1266 3808; x_wconf 92' lang='lat' dir='ltr'>de</span> <span class='ocrx_word' id='word_1_292' title='bbox 1290 3756 1372 3824; x_wconf 86' lang='lat' dir='ltr'>poetis</span> <span class='ocrx_word' id='word_1_293' title='bbox 1395 3755 1489 3822; x_wconf 87' lang='lat' dir='ltr'>quibus</span> <span class='ocrx_word' id='word_1_294' title='bbox 1513 3755 1560 3807; x_wconf 84' lang='lat' dir='ltr'>init</span> <span class='ocrx_word' id='word_1_295' title='bbox 1585 3754 1694 3806; x_wconf 86' lang='lat' dir='ltr'>intentio</span> 
     </span>
     <span class='ocr_line' id='line_1_28' title="bbox 411 3846 1693 3915; baseline -0.002 -17"><span class='ocrx_word' id='word_1_296' title='bbox 411 3846 509 3913; x_wconf 83' lang='lat' dir='ltr'>poesim</span> <span class='ocrx_word' id='word_1_297' title='bbox 523 3848 595 3915; x_wconf 84' lang='lat' dir='ltr'>sequi</span> <span class='ocrx_word' id='word_1_298' title='bbox 614 3857 639 3898; x_wconf 89' lang='lat' dir='ltr'>et</span> <span class='ocrx_word' id='word_1_299' title='bbox 657 3865 703 3915; x_wconf 88' lang='lat' dir='ltr'>per</span> <span class='ocrx_word' id='word_1_300' title='bbox 722 3848 804 3915; x_wconf 82' lang='lat' dir='ltr'>ipsam</span> <span class='ocrx_word' id='word_1_301' title='bbox 823 3848 954 3900; x_wconf 87' lang='lat' dir='ltr'>illustrari.</span> <span class='ocrx_word' id='word_1_302' title='bbox 968 3849 1109 3899; x_wconf 85' lang='lat' dir='ltr'>introducit</span> <span class='ocrx_word' id='word_1_303' title='bbox 1122 3857 1210 3899; x_wconf 83' lang='lat' dir='ltr'>auctor</span> <span class='ocrx_word' id='word_1_304' title='bbox 1222 3848 1286 3899; x_wconf 87' lang='lat' dir='ltr'>duos</span> <span class='ocrx_word' id='word_1_305' title='bbox 1300 3860 1424 3914; x_wconf 82' lang='lat' dir='ltr'>pastores,</span> <span class='ocrx_word' id='word_1_306' title='bbox 1437 3846 1552 3897; x_wconf 83' lang='lat' dir='ltr'>videlieet</span> <span class='ocrx_word' id='word_1_307' title='bbox 1565 3846 1693 3897; x_wconf 80' lang='lat' dir='ltr'>Socratem</span> 
     </span>
     <span class='ocr_line' id='line_1_29' title="bbox 411 3934 1694 4006; baseline -0.002 -19"><span class='ocrx_word' id='word_1_308' title='bbox 411 3946 436 3987; x_wconf 88' lang='lat' dir='ltr'>et</span> <span class='ocrx_word' id='word_1_309' title='bbox 456 3936 591 3988; x_wconf 83' lang='lat' dir='ltr'>silvanum.</span> <span class='ocrx_word' id='word_1_310' title='bbox 611 3938 657 3988; x_wconf 87' lang='lat' dir='ltr'>Per</span> <span class='ocrx_word' id='word_1_311' title='bbox 676 3939 804 3989; x_wconf 81' lang='lat' dir='ltr'>Socratem</span> <span class='ocrx_word' id='word_1_312' title='bbox 824 3939 942 4006; x_wconf 83' lang='lat' dir='ltr'>intelligit</span> <span class='ocrx_word' id='word_1_313' title='bbox 965 3946 1109 3990; x_wconf 86' lang='lat' dir='ltr'>consortem</span> <span class='ocrx_word' id='word_1_314' title='bbox 1134 3937 1253 3989; x_wconf 88' lang='lat' dir='ltr'>suumin</span> <span class='ocrx_word' id='word_1_315' title='bbox 1273 3936 1369 3989; x_wconf 80' lang='lat' dir='ltr'>musica</span> <span class='ocrx_word' id='word_1_316' title='bbox 1387 3946 1412 3987; x_wconf 91' lang='lat' dir='ltr'>et</span> <span class='ocrx_word' id='word_1_317' title='bbox 1430 3947 1485 3986; x_wconf 84' lang='lat' dir='ltr'>arte</span> <span class='ocrx_word' id='word_1_318' title='bbox 1509 3934 1604 3985; x_wconf 85' lang='lat' dir='ltr'>musice</span> <span class='ocrx_word' id='word_1_319' title='bbox 1628 3935 1694 3985; x_wconf 88' lang='lat' dir='ltr'>bene</span> 
     </span>
     <span class='ocr_line' id='line_1_30' title="bbox 412 4024 1694 4097; baseline -0.002 -20"><span class='ocrx_word' id='word_1_320' title='bbox 412 4026 543 4077; x_wconf 85' lang='lat' dir='ltr'>Deditum.</span> <span class='ocrx_word' id='word_1_321' title='bbox 567 4028 599 4078; x_wconf 85' lang='lat' dir='ltr'>Et</span> <span class='ocrx_word' id='word_1_322' title='bbox 622 4029 768 4080; x_wconf 87' lang='lat' dir='ltr'>nominatus</span> <span class='ocrx_word' id='word_1_323' title='bbox 787 4030 824 4080; x_wconf 87' lang='lat' dir='ltr'>sic</span> <span class='ocrx_word' id='word_1_324' title='bbox 842 4041 895 4081; x_wconf 89' lang='lat' dir='ltr'>erat</span> <span class='ocrx_word' id='word_1_325' title='bbox 913 4029 1060 4097; x_wconf 84' lang='lat' dir='ltr'>agnomine,</span> <span class='ocrx_word' id='word_1_326' title='bbox 1077 4031 1110 4080; x_wconf 92' lang='lat' dir='ltr'>ad</span> <span class='ocrx_word' id='word_1_327' title='bbox 1128 4046 1205 4097; x_wconf 89' lang='lat' dir='ltr'>quem</span> <span class='ocrx_word' id='word_1_328' title='bbox 1224 4028 1316 4079; x_wconf 81' lang='lat' dir='ltr'>multas</span> <span class='ocrx_word' id='word_1_329' title='bbox 1335 4026 1422 4077; x_wconf 88' lang='lat' dir='ltr'>scribit</span> <span class='ocrx_word' id='word_1_330' title='bbox 1440 4024 1563 4092; x_wconf 83' lang='lat' dir='ltr'>epistulas</span> <span class='ocrx_word' id='word_1_331' title='bbox 1582 4024 1608 4075; x_wconf 88' lang='lat' dir='ltr'>in</span> <span class='ocrx_word' id='word_1_332' title='bbox 1626 4024 1694 4076; x_wconf 89' lang='lat' dir='ltr'>libro</span> 
     </span>
     <span class='ocr_line' id='line_1_31' title="bbox 410 4115 1694 4185; baseline -0.001 -18"><span class='ocrx_word' id='word_1_333' title='bbox 410 4120 532 4168; x_wconf 79' lang='lat' dir='ltr'>senilium</span> <span class='ocrx_word' id='word_1_334' title='bbox 551 4128 576 4170; x_wconf 91' lang='lat' dir='ltr'>et</span> <span class='ocrx_word' id='word_1_335' title='bbox 589 4120 767 4185; x_wconf 74' lang='lat' dir='ltr'>satnilinrum.</span> <span class='ocrx_word' id='word_1_336' title='bbox 787 4121 819 4172; x_wconf 87' lang='lat' dir='ltr'>Et</span> <span class='ocrx_word' id='word_1_337' title='bbox 838 4131 948 4171; x_wconf 85' lang='lat' dir='ltr'>socrates</span> <span class='ocrx_word' id='word_1_338' title='bbox 967 4120 1050 4172; x_wconf 86' lang='lat' dir='ltr'>dictus</span> <span class='ocrx_word' id='word_1_339' title='bbox 1068 4139 1083 4172; x_wconf 89' lang='lat' dir='ltr'>a</span> <span class='ocrx_word' id='word_1_340' title='bbox 1101 4121 1204 4173; x_wconf 83' lang='lat' dir='ltr'>Socrate</span> <span class='ocrx_word' id='word_1_341' title='bbox 1223 4133 1316 4185; x_wconf 79' lang='lat' dir='ltr'>magno</span> <span class='ocrx_word' id='word_1_342' title='bbox 1333 4115 1494 4184; x_wconf 83' lang='lat' dir='ltr'>phylosopho</span> <span class='ocrx_word' id='word_1_343' title='bbox 1512 4115 1557 4182; x_wconf 87' lang='lat' dir='ltr'>qui</span> <span class='ocrx_word' id='word_1_344' title='bbox 1576 4115 1694 4183; x_wconf 71' lang='lat' dir='ltr'>phytosa</span> 
     </span>
     <span class='ocr_line' id='line_1_32' title="bbox 331 4204 1695 4279; baseline -0.003 -20"><span class='ocrx_word' id='word_1_345' title='bbox 331 4263 334 4269; x_wconf 61' lang='grc'><em>,</em></span> <span class='ocrx_word' id='word_1_346' title='bbox 412 4208 499 4275; x_wconf 87' lang='lat' dir='ltr'>phiam</span> <span class='ocrx_word' id='word_1_347' title='bbox 524 4208 630 4260; x_wconf 81' lang='lat' dir='ltr'>invenit.</span> <span class='ocrx_word' id='word_1_348' title='bbox 649 4227 694 4277; x_wconf 87' lang='lat' dir='ltr'>per</span> <span class='ocrx_word' id='word_1_349' title='bbox 713 4210 843 4261; x_wconf 73' lang='lat' dir='ltr'>Silvanum</span> <span class='ocrx_word' id='word_1_350' title='bbox 857 4210 969 4277; x_wconf 78' lang='lat' dir='ltr'>intellige</span> <span class='ocrx_word' id='word_1_351' title='bbox 982 4221 1083 4279; x_wconf 88' lang='lat' dir='ltr'>poetam</span> <span class='ocrx_word' id='word_1_352' title='bbox 1097 4219 1212 4261; x_wconf 87' lang='lat' dir='ltr'>nostrum</span> <span class='ocrx_word' id='word_1_353' title='bbox 1223 4208 1318 4259; x_wconf 87' lang='lat' dir='ltr'>dictum</span> <span class='ocrx_word' id='word_1_354' title='bbox 1337 4224 1353 4257; x_wconf 92' lang='lat' dir='ltr'>a</span> <span class='ocrx_word' id='word_1_355' title='bbox 1371 4206 1444 4264; x_wconf 80' lang='lat' dir='ltr'>silut,</span> <span class='ocrx_word' id='word_1_356' title='bbox 1463 4204 1529 4256; x_wconf 90' lang='lat' dir='ltr'>idest</span> <span class='ocrx_word' id='word_1_357' title='bbox 1547 4221 1562 4255; x_wconf 82' lang='lat' dir='ltr'>a</span> <span class='ocrx_word' id='word_1_358' title='bbox 1580 4204 1695 4256; x_wconf 82' lang='lat' dir='ltr'>solitaria</span> 
     </span>
     <span class='ocr_line' id='line_1_33' title="bbox 372 4295 1694 4370; baseline -0.003 -21"><span class='ocrx_word' id='word_1_359' title='bbox 372 4361 375 4365; x_wconf 14' lang='grc' dir='ltr'><strong>Δ</strong></span> <span class='ocrx_word' id='word_1_360' title='bbox 413 4300 464 4350; x_wconf 80' lang='lat' dir='ltr'>sita</span> <span class='ocrx_word' id='word_1_361' title='bbox 482 4316 559 4368; x_wconf 89' lang='lat' dir='ltr'>quam</span> <span class='ocrx_word' id='word_1_362' title='bbox 579 4301 709 4367; x_wconf 82' lang='lat' dir='ltr'>diligebat.</span> <span class='ocrx_word' id='word_1_363' title='bbox 730 4302 761 4351; x_wconf 82' lang='lat' dir='ltr'>Et</span> <span class='ocrx_word' id='word_1_364' title='bbox 781 4301 875 4368; x_wconf 90' lang='lat' dir='ltr'>ubique</span> <span class='ocrx_word' id='word_1_365' title='bbox 893 4312 997 4370; x_wconf 82' lang='lat' dir='ltr'>apparel</span> <span class='ocrx_word' id='word_1_366' title='bbox 1017 4303 1043 4354; x_wconf 85' lang='lat' dir='ltr'>in</span> <span class='ocrx_word' id='word_1_367' title='bbox 1063 4302 1116 4352; x_wconf 85' lang='lat' dir='ltr'>suis</span> <span class='ocrx_word' id='word_1_368' title='bbox 1136 4299 1282 4367; x_wconf 87' lang='lat' dir='ltr'>hoperihus.</span> <span class='ocrx_word' id='word_1_369' title='bbox 1296 4306 1342 4349; x_wconf 89' lang='lat' dir='ltr'>-et</span> <span class='ocrx_word' id='word_1_370' title='bbox 1361 4296 1446 4364; x_wconf 87' lang='lat' dir='ltr'>primo</span> <span class='ocrx_word' id='word_1_371' title='bbox 1464 4295 1633 4346; x_wconf 87' lang='lat' dir='ltr'>introducitur</span> <span class='ocrx_word' id='word_1_372' title='bbox 1651 4297 1694 4346; x_wconf 84' lang='lat' dir='ltr'>So·</span> 
     </span>
     <span class='ocr_line' id='line_1_34' title="bbox 412 4385 1694 4460; baseline -0.003 -20"><span class='ocrx_word' id='word_1_373' title='bbox 412 4399 494 4441; x_wconf 84' lang='lat' dir='ltr'>crates</span> <span class='ocrx_word' id='word_1_374' title='bbox 513 4402 603 4457; x_wconf 89' lang='lat' dir='ltr'>petens</span> <span class='ocrx_word' id='word_1_375' title='bbox 616 4391 721 4442; x_wconf 85' lang='lat' dir='ltr'>Silvium</span> <span class='ocrx_word' id='word_1_376' title='bbox 735 4394 766 4441; x_wconf 85' lang='lat' dir='ltr'>de</span> <span class='ocrx_word' id='word_1_377' title='bbox 779 4392 868 4443; x_wconf 89' lang='lat' dir='ltr'>dolore</span> <span class='ocrx_word' id='word_1_378' title='bbox 880 4410 956 4459; x_wconf 90' lang='lat' dir='ltr'>quem</span> <span class='ocrx_word' id='word_1_379' title='bbox 970 4394 1077 4443; x_wconf 85' lang='lat' dir='ltr'>habebat</span> <span class='ocrx_word' id='word_1_380' title='bbox 1090 4391 1194 4460; x_wconf 86' lang='lat' dir='ltr'>quando</span> <span class='ocrx_word' id='word_1_381' title='bbox 1211 4390 1312 4440; x_wconf 86' lang='lat' dir='ltr'>dolebat</span> <span class='ocrx_word' id='word_1_382' title='bbox 1332 4389 1364 4438; x_wconf 87' lang='lat' dir='ltr'>de</span> <span class='ocrx_word' id='word_1_383' title='bbox 1382 4404 1474 4439; x_wconf 81' lang='lat' dir='ltr'>occasu</span> <span class='ocrx_word' id='word_1_384' title='bbox 1487 4385 1590 4437; x_wconf 89' lang='lat' dir='ltr'>domine</span> <span class='ocrx_word' id='word_1_385' title='bbox 1602 4385 1694 4436; x_wconf 84' lang='lat' dir='ltr'>Laure.</span> 
     </span>
     <span class='ocr_line' id='line_1_35' title="bbox 485 4471 1695 4553; baseline -0.004 -23"><span class='ocrx_word' id='word_1_386' title='bbox 485 4484 524 4544; x_wconf 82' lang='lat'>(2)</span> <span class='ocrx_word' id='word_1_387' title='bbox 544 4471 617 4553; x_wconf 76' lang='lat' dir='ltr'>[LE]</span> <span class='ocrx_word' id='word_1_388' title='bbox 638 4483 722 4532; x_wconf 75' lang='lat' dir='ltr'>Diras:</span> <span class='ocrx_word' id='word_1_389' title='bbox 742 4482 784 4532; x_wconf 89' lang='lat' dir='ltr'>isti</span> <span class='ocrx_word' id='word_1_390' title='bbox 804 4483 856 4532; x_wconf 88' lang='lat' dir='ltr'>duo</span> <span class='ocrx_word' id='word_1_391' title='bbox 875 4482 975 4533; x_wconf 79' lang='lat' dir='ltr'>luerunt</span> <span class='ocrx_word' id='word_1_392' title='bbox 994 4484 1026 4532; x_wconf 88' lang='lat' dir='ltr'>de</span> <span class='ocrx_word' id='word_1_393' title='bbox 1045 4483 1147 4533; x_wconf 78' lang='lat' dir='ltr'>l&#39;erona</span> <span class='ocrx_word' id='word_1_394' title='bbox 1165 4491 1190 4532; x_wconf 85' lang='lat' dir='ltr'>et</span> <span class='ocrx_word' id='word_1_395' title='bbox 1210 4480 1310 4531; x_wconf 80' lang='lat' dir='ltr'>fuerunt</span> <span class='ocrx_word' id='word_1_396' title='bbox 1329 4489 1413 4545; x_wconf 92' lang='lat' dir='ltr'>poete,</span> <span class='ocrx_word' id='word_1_397' title='bbox 1431 4494 1540 4545; x_wconf 91' lang='lat' dir='ltr'>quorum</span> <span class='ocrx_word' id='word_1_398' title='bbox 1564 4493 1629 4526; x_wconf 89' lang='lat' dir='ltr'>unus</span> <span class='ocrx_word' id='word_1_399' title='bbox 1648 4474 1695 4526; x_wconf 80' lang='lat' dir='ltr'>suit</span> 
     </span>
     <span class='ocr_line' id='line_1_36' title="bbox 411 4568 1696 4637; baseline -0.004 -17"><span class='ocrx_word' id='word_1_400' title='bbox 411 4584 561 4631; x_wconf 68' lang='lat' dir='ltr'>curvarum,</span> <span class='ocrx_word' id='word_1_401' title='bbox 579 4572 643 4622; x_wconf 89' lang='lat' dir='ltr'>aiter</span> <span class='ocrx_word' id='word_1_402' title='bbox 662 4586 761 4623; x_wconf 70' lang='lat' dir='ltr'>aincurt.</span> <span class='ocrx_word' id='word_1_403' title='bbox 781 4572 896 4622; x_wconf 79' lang='lat' dir='ltr'>Catullus</span> <span class='ocrx_word' id='word_1_404' title='bbox 916 4572 1028 4622; x_wconf 78' lang='lat' dir='ltr'>tractavit</span> <span class='ocrx_word' id='word_1_405' title='bbox 1049 4573 1080 4621; x_wconf 83' lang='lat' dir='ltr'>rie</span> <span class='ocrx_word' id='word_1_406' title='bbox 1098 4589 1194 4631; x_wconf 85' lang='lat' dir='ltr'>amore,</span> <span class='ocrx_word' id='word_1_407' title='bbox 1206 4588 1281 4637; x_wconf 89' lang='lat' dir='ltr'>quem</span> <span class='ocrx_word' id='word_1_408' title='bbox 1294 4569 1402 4619; x_wconf 76' lang='lat' dir='ltr'>Ovidius</span> <span class='ocrx_word' id='word_1_409' title='bbox 1416 4568 1529 4618; x_wconf 82' lang='lat' dir='ltr'>imitatus</span> <span class='ocrx_word' id='word_1_410' title='bbox 1546 4577 1598 4617; x_wconf 86' lang='lat' dir='ltr'>est:</span> <span class='ocrx_word' id='word_1_411' title='bbox 1612 4582 1696 4617; x_wconf 87' lang='lat' dir='ltr'>macer</span> 
     </span>
     <span class='ocr_line' id='line_1_37' title="bbox 406 4657 1694 4726; baseline -0.002 -16"><span class='ocrx_word' id='word_1_412' title='bbox 406 4661 439 4711; x_wconf 89' lang='lat' dir='ltr'>de</span> <span class='ocrx_word' id='word_1_413' title='bbox 458 4661 555 4713; x_wconf 87' lang='lat' dir='ltr'>viribus</span> <span class='ocrx_word' id='word_1_414' title='bbox 575 4663 718 4713; x_wconf 87' lang='lat' dir='ltr'>herbarum.</span> <span class='ocrx_word' id='word_1_415' title='bbox 739 4663 879 4714; x_wconf 89' lang='lat' dir='ltr'>secundum</span> <span class='ocrx_word' id='word_1_416' title='bbox 899 4662 972 4723; x_wconf 76' lang='lat' dir='ltr'>alios,</span> <span class='ocrx_word' id='word_1_417' title='bbox 991 4661 1039 4712; x_wconf 89' lang='lat' dir='ltr'>iste</span> <span class='ocrx_word' id='word_1_418' title='bbox 1058 4663 1184 4712; x_wconf 85' lang='lat' dir='ltr'>secundus</span> <span class='ocrx_word' id='word_1_419' title='bbox 1204 4661 1250 4711; x_wconf 81' lang='lat' dir='ltr'>tuit</span> <span class='ocrx_word' id='word_1_420' title='bbox 1269 4672 1389 4720; x_wconf 68' lang='lat' dir='ltr'>cntstusa</span> <span class='ocrx_word' id='word_1_421' title='bbox 1402 4660 1447 4710; x_wconf 87' lang='lat' dir='ltr'>sed</span> <span class='ocrx_word' id='word_1_422' title='bbox 1459 4658 1536 4709; x_wconf 88' lang='lat' dir='ltr'>credo</span> <span class='ocrx_word' id='word_1_423' title='bbox 1549 4657 1633 4726; x_wconf 79' lang='lat' dir='ltr'>potius</span> <span class='ocrx_word' id='word_1_424' title='bbox 1652 4673 1694 4707; x_wconf 84' lang='lat' dir='ltr'>ro·</span> 
     </span>
     <span class='ocr_line' id='line_1_38' title="bbox 408 4750 757 4805; baseline 0.006 -4"><span class='ocrx_word' id='word_1_425' title='bbox 408 4750 484 4803; x_wconf 87' lang='lat' dir='ltr'>luerit</span> <span class='ocrx_word' id='word_1_426' title='bbox 504 4752 589 4805; x_wconf 88' lang='lat' dir='ltr'>dicere</span> <span class='ocrx_word' id='word_1_427' title='bbox 608 4755 639 4805; x_wconf 89' lang='lat' dir='ltr'>de</span> <span class='ocrx_word' id='word_1_428' title='bbox 661 4754 757 4805; x_wconf 78' lang='lat' dir='ltr'>Macro.</span> 
     </span>
    </p>
   </div>
   <div class='ocr_carea' id='block_1_5' title="bbox 0 0 2095 5217">
    <p class='ocr_par' dir='ltr' id='par_1_6' title="bbox 0 0 2095 5217">
     <span class='ocr_line' id='line_1_39' title="bbox 0 0 2095 5217; baseline 0 0"><span class='ocrx_word' id='word_1_429' title='bbox 0 0 2095 5217; x_wconf 95' lang='lat' dir='ltr'> </span> 
     </span>
    </p>
   </div>
  </div>
 </body>
</html>
