<?xml version="1.0" encoding="UTF-8"?>
<!DOCTYPE html PUBLIC "-//W3C//DTD XHTML 1.0 Transitional//EN"
    "http://www.w3.org/TR/xhtml1/DTD/xhtml1-transitional.dtd">
<html xmlns="http://www.w3.org/1999/xhtml" xml:lang="en" lang="en">
 <head>
  <title>
</title>
<meta http-equiv="Content-Type" content="text/html;charset=utf-8" />
  <meta name='ocr-system' content='tesseract 3.04.00' />
  <meta name='ocr-capabilities' content='ocr_page ocr_carea ocr_par ocr_line ocrx_word'/>
</head>
<body>
  <div class='ocr_page' id='page_1' title='image "./ilbucolicumcarm00avengoog_0277.png"; bbox 0 0 4125 5217; ppageno 0'>
   <div class='ocr_carea' id='block_1_1' title="bbox 836 403 1672 491">
    <p class='ocr_par' dir='ltr' id='par_1_1' title="bbox 836 403 1672 491">
     <span class='ocr_line' id='line_1_1' title="bbox 836 403 1672 491; baseline -0.004 -19"><span class='ocrx_word' id='word_1_1' title='bbox 836 421 869 472; x_wconf 86' lang='lat' dir='ltr'><strong>n</strong></span> <span class='ocrx_word' id='word_1_2' title='bbox 890 419 1079 471; x_wconf 86' lang='lat' dir='ltr'><strong>sucorrcusr</strong></span> <span class='ocrx_word' id='word_1_3' title='bbox 1103 420 1234 471; x_wconf 79' lang='lat' dir='ltr'><strong>casura</strong></span> <span class='ocrx_word' id='word_1_4' title='bbox 1609 403 1672 491; x_wconf 84' lang='lat'><strong>267</strong></span> 
     </span>
    </p>
   </div>
   <div class='ocr_carea' id='block_1_2' title="bbox 397 684 1697 4273">
    <p class='ocr_par' dir='ltr' id='par_1_2' title="bbox 397 684 1682 1346">
     <span class='ocr_line' id='line_1_2' title="bbox 397 684 1677 769; baseline 0 -22"><span class='ocrx_word' id='word_1_5' title='bbox 397 684 501 762; x_wconf 79' lang='lat' dir='ltr'><strong>ralis»,</strong></span> <span class='ocrx_word' id='word_1_6' title='bbox 522 685 552 746; x_wconf 92' lang='lat' dir='ltr'><strong>in</strong></span> <span class='ocrx_word' id='word_1_7' title='bbox 572 704 631 768; x_wconf 81' lang='lat' dir='ltr'><strong>qua</strong></span> <span class='ocrx_word' id='word_1_8' title='bbox 644 697 703 746; x_wconf 86' lang='lat' dir='ltr'><strong>tres</strong></span> <span class='ocrx_word' id='word_1_9' title='bbox 719 697 849 767; x_wconf 87' lang='lat' dir='ltr'><strong>pastores</strong></span> <span class='ocrx_word' id='word_1_10' title='bbox 868 684 1002 759; x_wconf 86' lang='lat' dir='ltr'><strong>Martius,</strong></span> <span class='ocrx_word' id='word_1_11' title='bbox 1017 686 1134 767; x_wconf 76' lang='lat' dir='ltr'><strong>Apitius</strong></span> <span class='ocrx_word' id='word_1_12' title='bbox 1149 697 1178 746; x_wconf 91' lang='lat' dir='ltr'><strong>et</strong></span> <span class='ocrx_word' id='word_1_13' title='bbox 1193 687 1337 748; x_wconf 77' lang='lat' dir='ltr'><strong>Festinus.</strong></span> <span class='ocrx_word' id='word_1_14' title='bbox 1353 686 1439 769; x_wconf 86' lang='lat' dir='ltr'><strong>priori</strong></span> <span class='ocrx_word' id='word_1_15' title='bbox 1453 684 1514 749; x_wconf 92' lang='lat' dir='ltr'><strong>dno</strong></span> <span class='ocrx_word' id='word_1_16' title='bbox 1527 686 1677 769; x_wconf 81' lang='lat' dir='ltr'><strong>disputant</strong></span> 
     </span>
     <span class='ocr_line' id='line_1_3' title="bbox 397 783 1678 868; baseline -0.002 -22"><span class='ocrx_word' id='word_1_17' title='bbox 397 783 540 867; x_wconf 88' lang='lat' dir='ltr'><strong>numquid</strong></span> <span class='ocrx_word' id='word_1_18' title='bbox 560 784 673 867; x_wconf 87' lang='lat' dir='ltr'><strong>possint</strong></span> <span class='ocrx_word' id='word_1_19' title='bbox 695 802 828 867; x_wconf 84' lang='lat' dir='ltr'><strong>reparare</strong></span> <span class='ocrx_word' id='word_1_20' title='bbox 850 803 974 858; x_wconf 86' lang='lat' dir='ltr'><strong>romam,</strong></span> <span class='ocrx_word' id='word_1_21' title='bbox 1001 803 1090 865; x_wconf 80' lang='lat' dir='ltr'><strong>quant</strong></span> <span class='ocrx_word' id='word_1_22' title='bbox 1112 800 1237 846; x_wconf 85' lang='lat' dir='ltr'><strong>matrem</strong></span> <span class='ocrx_word' id='word_1_23' title='bbox 1259 784 1313 868; x_wconf 90' lang='lat' dir='ltr'><strong>ipsi</strong></span> <span class='ocrx_word' id='word_1_24' title='bbox 1336 800 1453 848; x_wconf 81' lang='lat' dir='ltr'><strong>vocant.</strong></span> <span class='ocrx_word' id='word_1_25' title='bbox 1476 786 1599 848; x_wconf 86' lang='lat' dir='ltr'><strong>Martius</strong></span> <span class='ocrx_word' id='word_1_26' title='bbox 1621 788 1678 847; x_wconf 81' lang='lat' dir='ltr'><strong>Co</strong></span> 
     </span>
     <span class='ocr_line' id='line_1_4' title="bbox 399 882 1679 968; baseline 0 -22"><span class='ocrx_word' id='word_1_27' title='bbox 399 883 597 947; x_wconf 86' lang='lat' dir='ltr'><strong>lumnensinm</strong></span> <span class='ocrx_word' id='word_1_28' title='bbox 617 882 726 944; x_wconf 76' lang='lat' dir='ltr'><strong>statilia</strong></span> <span class='ocrx_word' id='word_1_29' title='bbox 747 897 801 957; x_wconf 89' lang='lat' dir='ltr'><strong>est,</strong></span> <span class='ocrx_word' id='word_1_30' title='bbox 821 905 838 944; x_wconf 88' lang='lat' dir='ltr'><strong>a</strong></span> <span class='ocrx_word' id='word_1_31' title='bbox 860 898 954 944; x_wconf 90' lang='lat' dir='ltr'><strong>marte</strong></span> <span class='ocrx_word' id='word_1_32' title='bbox 971 883 1060 957; x_wconf 86' lang='lat' dir='ltr'><strong>dicta,</strong></span> <span class='ocrx_word' id='word_1_33' title='bbox 1075 884 1144 967; x_wconf 91' lang='lat' dir='ltr'><strong>quia</strong></span> <span class='ocrx_word' id='word_1_34' title='bbox 1159 883 1291 948; x_wconf 82' lang='lat' dir='ltr'><strong>bellicosi</strong></span> <span class='ocrx_word' id='word_1_35' title='bbox 1306 884 1441 947; x_wconf 89' lang='lat' dir='ltr'><strong>hrmrines</strong></span> <span class='ocrx_word' id='word_1_36' title='bbox 1463 899 1541 947; x_wconf 84' lang='lat' dir='ltr'><strong>sunt.</strong></span> <span class='ocrx_word' id='word_1_37' title='bbox 1563 887 1679 968; x_wconf 82' lang='lat' dir='ltr'><strong>Rpitius</strong></span> 
     </span>
     <span class='ocr_line' id='line_1_5' title="bbox 398 982 1679 1069; baseline 0 -23"><span class='ocrx_word' id='word_1_38' title='bbox 398 985 504 1046; x_wconf 88' lang='lat' dir='ltr'><strong>domus</strong></span> <span class='ocrx_word' id='word_1_39' title='bbox 526 984 643 1057; x_wconf 88' lang='lat' dir='ltr'><strong>Ursina,</strong></span> <span class='ocrx_word' id='word_1_40' title='bbox 669 982 706 1045; x_wconf 83' lang='lat' dir='ltr'><strong>rb</strong></span> <span class='ocrx_word' id='word_1_41' title='bbox 734 984 835 1066; x_wconf 85' lang='lat' dir='ltr'><strong>llpitio</strong></span> <span class='ocrx_word' id='word_1_42' title='bbox 855 1003 973 1045; x_wconf 91' lang='lat' dir='ltr'><strong>summo</strong></span> <span class='ocrx_word' id='word_1_43' title='bbox 1001 985 1031 1045; x_wconf 90' lang='lat' dir='ltr'><strong>in</strong></span> <span class='ocrx_word' id='word_1_44' title='bbox 1052 998 1115 1045; x_wconf 88' lang='lat' dir='ltr'><strong>arte</strong></span> <span class='ocrx_word' id='word_1_45' title='bbox 1142 984 1279 1066; x_wconf 82' lang='lat' dir='ltr'><strong>epulandi</strong></span> <span class='ocrx_word' id='word_1_46' title='bbox 1302 987 1454 1068; x_wconf 76' lang='lat' dir='ltr'><strong>magistro,</strong></span> <span class='ocrx_word' id='word_1_47' title='bbox 1475 988 1553 1048; x_wconf 87' lang='lat' dir='ltr'><strong>Cum</strong></span> <span class='ocrx_word' id='word_1_48' title='bbox 1575 999 1604 1048; x_wconf 91' lang='lat' dir='ltr'><strong>et</strong></span> <span class='ocrx_word' id='word_1_49' title='bbox 1626 985 1679 1069; x_wconf 84' lang='lat' dir='ltr'><strong>ipsi</strong></span> 
     </span>
     <span class='ocr_line' id='line_1_6' title="bbox 402 1081 1681 1168; baseline -0.002 -20"><span class='ocrx_word' id='word_1_50' title='bbox 402 1085 500 1148; x_wconf 80' lang='lat' dir='ltr'>Ursini</span> <span class='ocrx_word' id='word_1_51' title='bbox 521 1084 552 1145; x_wconf 89' lang='lat' dir='ltr'><strong>in</strong></span> <span class='ocrx_word' id='word_1_52' title='bbox 571 1081 666 1166; x_wconf 90' lang='lat' dir='ltr'><strong>epulis</strong></span> <span class='ocrx_word' id='word_1_53' title='bbox 687 1098 717 1145; x_wconf 86' lang='lat' dir='ltr'><strong>et</strong></span> <span class='ocrx_word' id='word_1_54' title='bbox 737 1083 882 1164; x_wconf 73' lang='lat' dir='ltr'><strong>convitiis</strong></span> <span class='ocrx_word' id='word_1_55' title='bbox 903 1081 1120 1163; x_wconf 77' lang='lat' dir='ltr'><strong>diligentissimi</strong></span> <span class='ocrx_word' id='word_1_56' title='bbox 1143 1099 1222 1147; x_wconf 90' lang='lat' dir='ltr'><strong>sunt.</strong></span> <span class='ocrx_word' id='word_1_57' title='bbox 1238 1086 1372 1147; x_wconf 66' lang='lat' dir='ltr'><strong>liestinus</strong></span> <span class='ocrx_word' id='word_1_58' title='bbox 1395 1084 1520 1168; x_wconf 85' lang='lat' dir='ltr'><strong>populus</strong></span> <span class='ocrx_word' id='word_1_59' title='bbox 1543 1106 1681 1148; x_wconf 89' lang='lat' dir='ltr'><strong>romanus</strong></span> 
     </span>
     <span class='ocr_line' id='line_1_7' title="bbox 401 1170 1682 1268; baseline 0 -21"><span class='ocrx_word' id='word_1_60' title='bbox 401 1207 417 1247; x_wconf 91' lang='lat' dir='ltr'><strong>a</strong></span> <span class='ocrx_word' id='word_1_61' title='bbox 439 1184 614 1260; x_wconf 77' lang='lat' dir='ltr'><strong>festinantia,</strong></span> <span class='ocrx_word' id='word_1_62' title='bbox 634 1183 710 1245; x_wconf 86' lang='lat' dir='ltr'><strong>idest</strong></span> <span class='ocrx_word' id='word_1_63' title='bbox 730 1204 747 1244; x_wconf 86' lang='lat' dir='ltr'><strong>a</strong></span> <span class='ocrx_word' id='word_1_64' title='bbox 768 1182 932 1245; x_wconf 81' lang='lat' dir='ltr'><strong>mobilitate</strong></span> <span class='ocrx_word' id='word_1_65' title='bbox 957 1183 1064 1260; x_wconf 83' lang='lat' dir='ltr'><strong>dictus,</strong></span> <span class='ocrx_word' id='word_1_66' title='bbox 1084 1185 1134 1268; x_wconf 91' lang='lat' dir='ltr'><strong>qui</strong></span> <span class='ocrx_word' id='word_1_67' title='bbox 1163 1184 1283 1247; x_wconf 90' lang='lat' dir='ltr'><strong>tandem</strong></span> <span class='ocrx_word' id='word_1_68' title='bbox 1304 1170 1455 1247; x_wconf 81' lang='lat' dir='ltr'><strong>concludit</strong></span> <span class='ocrx_word' id='word_1_69' title='bbox 1476 1186 1587 1268; x_wconf 87' lang='lat' dir='ltr'><strong>primos</strong></span> <span class='ocrx_word' id='word_1_70' title='bbox 1607 1185 1682 1248; x_wconf 83' lang='lat' dir='ltr'><strong>duos</strong></span> 
     </span>
     <span class='ocr_line' id='line_1_8' title="bbox 402 1303 830 1346; baseline -0.005 0"><span class='ocrx_word' id='word_1_71' title='bbox 402 1305 463 1346; x_wconf 88' lang='lat' dir='ltr'><strong>non</strong></span> <span class='ocrx_word' id='word_1_72' title='bbox 483 1304 547 1346; x_wconf 84' lang='lat' dir='ltr'><strong>esse</strong></span> <span class='ocrx_word' id='word_1_73' title='bbox 566 1303 651 1346; x_wconf 84' lang='lat' dir='ltr'><strong>veros</strong></span> <span class='ocrx_word' id='word_1_74' title='bbox 673 1303 830 1345; x_wconf 81' lang='lat' dir='ltr'><strong>romanos.-</strong></span> 
     </span>
    </p>

    <p class='ocr_par' dir='ltr' id='par_1_3' title="bbox 397 1383 1690 2475">
     <span class='ocr_line' id='line_1_9' title="bbox 484 1383 1684 1469; baseline 0.002 -23"><span class='ocrx_word' id='word_1_75' title='bbox 484 1383 565 1460; x_wconf 75' lang='lat' dir='ltr'><strong>Quat</strong></span> <span class='ocrx_word' id='word_1_76' title='bbox 581 1384 727 1469; x_wconf 74' lang='lat' dir='ltr'><strong>genitrix:</strong></span> <span class='ocrx_word' id='word_1_77' title='bbox 753 1384 808 1445; x_wconf 86' lang='lat' dir='ltr'><strong>llic</strong></span> <span class='ocrx_word' id='word_1_78' title='bbox 834 1399 921 1446; x_wconf 89' lang='lat' dir='ltr'><strong>autor</strong></span> <span class='ocrx_word' id='word_1_79' title='bbox 946 1384 1072 1446; x_wconf 82' lang='lat' dir='ltr'><strong>intendit</strong></span> <span class='ocrx_word' id='word_1_80' title='bbox 1098 1384 1254 1447; x_wconf 85' lang='lat' dir='ltr'><strong>ostendere</strong></span> <span class='ocrx_word' id='word_1_81' title='bbox 1281 1399 1392 1446; x_wconf 89' lang='lat' dir='ltr'><strong>statum</strong></span> <span class='ocrx_word' id='word_1_82' title='bbox 1418 1383 1507 1447; x_wconf 82' lang='lat' dir='ltr'><strong>Urbis</strong></span> <span class='ocrx_word' id='word_1_83' title='bbox 1529 1388 1633 1463; x_wconf 88' lang='lat' dir='ltr'><strong>Rome,</strong></span> <span class='ocrx_word' id='word_1_84' title='bbox 1654 1401 1684 1448; x_wconf 90' lang='lat' dir='ltr'><strong>et</strong></span> 
     </span>
     <span class='ocr_line' id='line_1_10' title="bbox 403 1482 1683 1569; baseline 0.001 -21"><span class='ocrx_word' id='word_1_85' title='bbox 403 1485 439 1548; x_wconf 79' lang='lat' dir='ltr'><strong>ad</strong></span> <span class='ocrx_word' id='word_1_86' title='bbox 460 1486 546 1548; x_wconf 83' lang='lat' dir='ltr'><strong>istam</strong></span> <span class='ocrx_word' id='word_1_87' title='bbox 566 1482 788 1546; x_wconf 80' lang='lat' dir='ltr'><strong>conclusionem</strong></span> <span class='ocrx_word' id='word_1_88' title='bbox 810 1482 1000 1567; x_wconf 81' lang='lat' dir='ltr'><strong>probandam,</strong></span> <span class='ocrx_word' id='word_1_89' title='bbox 1022 1485 1183 1548; x_wconf 81' lang='lat' dir='ltr'><strong>introducit</strong></span> <span class='ocrx_word' id='word_1_90' title='bbox 1196 1485 1271 1547; x_wconf 93' lang='lat' dir='ltr'><strong>duos</strong></span> <span class='ocrx_word' id='word_1_91' title='bbox 1290 1498 1421 1567; x_wconf 86' lang='lat' dir='ltr'><strong>pastores</strong></span> <span class='ocrx_word' id='word_1_92' title='bbox 1441 1505 1570 1569; x_wconf 87' lang='lat' dir='ltr'><strong>quornm</strong></span> <span class='ocrx_word' id='word_1_93' title='bbox 1591 1507 1683 1549; x_wconf 87' lang='lat' dir='ltr'><strong>unum</strong></span> 
     </span>
     <span class='ocr_line' id='line_1_11' title="bbox 397 1581 1685 1668; baseline -0.001 -20"><span class='ocrx_word' id='word_1_94' title='bbox 397 1601 491 1648; x_wconf 70' lang='lat' dir='ltr'><strong>uocat</strong></span> <span class='ocrx_word' id='word_1_95' title='bbox 506 1584 663 1660; x_wconf 40' lang='lat' dir='ltr'><strong>*Mettium</strong></span> <span class='ocrx_word' id='word_1_96' title='bbox 682 1583 987 1667; x_wconf 43' lang='lat' dir='ltr'><strong>alterum-“Apitiunn</strong></span> <span class='ocrx_word' id='word_1_97' title='bbox 1013 1603 1065 1668; x_wconf 91' lang='lat' dir='ltr'><strong>per</strong></span> <span class='ocrx_word' id='word_1_98' title='bbox 1086 1586 1227 1647; x_wconf 85' lang='lat' dir='ltr'><strong>Martium</strong></span> <span class='ocrx_word' id='word_1_99' title='bbox 1257 1581 1396 1667; x_wconf 83' lang='lat' dir='ltr'><strong>intelligit</strong></span> <span class='ocrx_word' id='word_1_100' title='bbox 1418 1605 1512 1647; x_wconf 86' lang='lat' dir='ltr'><strong>unum</strong></span> <span class='ocrx_word' id='word_1_101' title='bbox 1537 1584 1685 1648; x_wconf 87' lang='lat' dir='ltr'><strong>dedomo</strong></span> 
     </span>
     <span class='ocr_line' id='line_1_12' title="bbox 404 1684 1686 1768; baseline 0 -20"><span class='ocrx_word' id='word_1_102' title='bbox 404 1684 660 1760; x_wconf 73' lang='lat' dir='ltr'><strong>columnensium,</strong></span> <span class='ocrx_word' id='word_1_103' title='bbox 680 1703 732 1766; x_wconf 86' lang='lat' dir='ltr'><strong>per</strong></span> <span class='ocrx_word' id='word_1_104' title='bbox 751 1685 885 1767; x_wconf 77' lang='lat' dir='ltr'><strong>Apicium</strong></span> <span class='ocrx_word' id='word_1_105' title='bbox 907 1704 998 1745; x_wconf 90' lang='lat' dir='ltr'><strong>unnnr</strong></span> <span class='ocrx_word' id='word_1_106' title='bbox 1019 1684 1057 1745; x_wconf 88' lang='lat' dir='ltr'><strong>de</strong></span> <span class='ocrx_word' id='word_1_107' title='bbox 1085 1685 1211 1747; x_wconf 83' lang='lat' dir='ltr'><strong>Ursinis.</strong></span> <span class='ocrx_word' id='word_1_108' title='bbox 1241 1687 1279 1746; x_wconf 81' lang='lat' dir='ltr'><strong>Et</strong></span> <span class='ocrx_word' id='word_1_109' title='bbox 1298 1684 1353 1745; x_wconf 87' lang='lat' dir='ltr'><strong>-isti</strong></span> <span class='ocrx_word' id='word_1_110' title='bbox 1375 1685 1437 1747; x_wconf 91' lang='lat' dir='ltr'><strong>duo</strong></span> <span class='ocrx_word' id='word_1_111' title='bbox 1458 1699 1589 1768; x_wconf 78' lang='lat' dir='ltr'><strong>pastores</strong></span> <span class='ocrx_word' id='word_1_112' title='bbox 1610 1686 1686 1748; x_wconf 91' lang='lat' dir='ltr'><strong>inter</strong></span> 
     </span>
     <span class='ocr_line' id='line_1_13' title="bbox 405 1783 1684 1868; baseline -0.002 -19"><span class='ocrx_word' id='word_1_113' title='bbox 405 1806 437 1849; x_wconf 87' lang='lat' dir='ltr'><strong>se</strong></span> <span class='ocrx_word' id='word_1_114' title='bbox 457 1784 653 1860; x_wconf 88' lang='lat' dir='ltr'><strong>collocuntur,</strong></span> <span class='ocrx_word' id='word_1_115' title='bbox 673 1800 703 1845; x_wconf 91' lang='lat' dir='ltr'><strong>et</strong></span> <span class='ocrx_word' id='word_1_116' title='bbox 724 1785 826 1867; x_wconf 85' lang='lat' dir='ltr'><strong>incipit</strong></span> <span class='ocrx_word' id='word_1_117' title='bbox 851 1786 975 1846; x_wconf 88' lang='lat' dir='ltr'><strong>Martius</strong></span> <span class='ocrx_word' id='word_1_118' title='bbox 1000 1785 1051 1867; x_wconf 93' lang='lat' dir='ltr'><strong>qui</strong></span> <span class='ocrx_word' id='word_1_119' title='bbox 1073 1785 1168 1868; x_wconf 84' lang='lat' dir='ltr'><strong>magis</strong></span> <span class='ocrx_word' id='word_1_120' title='bbox 1190 1784 1307 1857; x_wconf 86' lang='lat' dir='ltr'><strong>videtur</strong></span> <span class='ocrx_word' id='word_1_121' title='bbox 1326 1784 1362 1845; x_wconf 91' lang='lat' dir='ltr'><strong>ad</strong></span> <span class='ocrx_word' id='word_1_122' title='bbox 1386 1783 1498 1847; x_wconf 88' lang='lat' dir='ltr'><strong>Urbem</strong></span> <span class='ocrx_word' id='word_1_123' title='bbox 1520 1788 1684 1849; x_wconf 83' lang='lat' dir='ltr'><strong>Romanam</strong></span> 
     </span>
     <span class='ocr_line' id='line_1_14' title="bbox 405 1883 1687 1969; baseline 0 -20"><span class='ocrx_word' id='word_1_124' title='bbox 405 1884 603 1949; x_wconf 82' lang='lat' dir='ltr'><strong>extollendam</strong></span> <span class='ocrx_word' id='word_1_125' title='bbox 624 1886 806 1949; x_wconf 75' lang='lat' dir='ltr'><strong>commoneri</strong></span> <span class='ocrx_word' id='word_1_126' title='bbox 827 1899 856 1947; x_wconf 89' lang='lat' dir='ltr'><strong>et</strong></span> <span class='ocrx_word' id='word_1_127' title='bbox 877 1885 983 1947; x_wconf 79' lang='lat' dir='ltr'><strong>inritat</strong></span> <span class='ocrx_word' id='word_1_128' title='bbox 1005 1887 1138 1969; x_wconf 87' lang='lat' dir='ltr'><strong>lapitianr</strong></span> <span class='ocrx_word' id='word_1_129' title='bbox 1153 1885 1218 1967; x_wconf 85' lang='lat' dir='ltr'><strong>(sir)</strong></span> <span class='ocrx_word' id='word_1_130' title='bbox 1232 1883 1269 1947; x_wconf 87' lang='lat' dir='ltr'><strong>ad</strong></span> <span class='ocrx_word' id='word_1_131' title='bbox 1285 1883 1446 1947; x_wconf 85' lang='lat' dir='ltr'><strong>volendum</strong></span> <span class='ocrx_word' id='word_1_132' title='bbox 1468 1884 1571 1948; x_wconf 84' lang='lat' dir='ltr'><strong>urbem</strong></span> <span class='ocrx_word' id='word_1_133' title='bbox 1593 1888 1687 1969; x_wconf 82' lang='lat' dir='ltr'><strong>ipsam</strong></span> 
     </span>
     <span class='ocr_line' id='line_1_15' title="bbox 407 1984 1688 2069; baseline -0.002 -18"><span class='ocrx_word' id='word_1_134' title='bbox 407 1987 577 2063; x_wconf 81' lang='lat' dir='ltr'><strong>riedificare,</strong></span> <span class='ocrx_word' id='word_1_135' title='bbox 597 1988 712 2049; x_wconf 90' lang='lat' dir='ltr'><strong>dicens:</strong></span> <span class='ocrx_word' id='word_1_136' title='bbox 726 2007 746 2047; x_wconf 93' lang='grc' dir='ltr'>ο</span> <span class='ocrx_word' id='word_1_137' title='bbox 767 1985 855 2048; x_wconf 86' lang='lat' dir='ltr'><strong>lrater</strong></span> <span class='ocrx_word' id='word_1_138' title='bbox 869 2002 898 2048; x_wconf 91' lang='lat' dir='ltr'><strong>et</strong></span> <span class='ocrx_word' id='word_1_139' title='bbox 915 1988 1056 2062; x_wconf 77' lang='lat' dir='ltr'><strong>concisis,</strong></span> <span class='ocrx_word' id='word_1_140' title='bbox 1072 1984 1251 2048; x_wconf 86' lang='lat' dir='ltr'><strong>honorabilis</strong></span> <span class='ocrx_word' id='word_1_141' title='bbox 1266 2000 1361 2048; x_wconf 89' lang='lat' dir='ltr'><strong>mater</strong></span> <span class='ocrx_word' id='word_1_142' title='bbox 1375 2002 1475 2051; x_wconf 88' lang='lat' dir='ltr'><strong>nostra</strong></span> <span class='ocrx_word' id='word_1_143' title='bbox 1490 1989 1584 2050; x_wconf 85' lang='lat' dir='ltr'><strong>Roma</strong></span> <span class='ocrx_word' id='word_1_144' title='bbox 1598 1986 1688 2069; x_wconf 81' lang='lat' dir='ltr'><strong>digna</strong></span> 
     </span>
     <span class='ocr_line' id='line_1_16' title="bbox 407 2086 1688 2172; baseline -0.002 -19"><span class='ocrx_word' id='word_1_145' title='bbox 407 2090 596 2153; x_wconf 78' lang='lat' dir='ltr'><strong>veneratione</strong></span> <span class='ocrx_word' id='word_1_146' title='bbox 616 2104 734 2172; x_wconf 89' lang='lat' dir='ltr'><strong>propter</strong></span> <span class='ocrx_word' id='word_1_147' title='bbox 753 2086 823 2171; x_wconf 89' lang='lat' dir='ltr'><strong>quid</strong></span> <span class='ocrx_word' id='word_1_148' title='bbox 844 2087 952 2149; x_wconf 86' lang='lat' dir='ltr'><strong>deflet?</strong></span> <span class='ocrx_word' id='word_1_149' title='bbox 965 2089 1048 2172; x_wconf 89' lang='lat' dir='ltr'><strong>quasi</strong></span> <span class='ocrx_word' id='word_1_150' title='bbox 1070 2086 1164 2149; x_wconf 86' lang='lat' dir='ltr'><strong>dicat:</strong></span> <span class='ocrx_word' id='word_1_151' title='bbox 1180 2102 1249 2170; x_wconf 87' lang='lat' dir='ltr'><strong>peto</strong></span> <span class='ocrx_word' id='word_1_152' title='bbox 1270 2109 1287 2148; x_wconf 89' lang='lat' dir='ltr'><strong>a</strong></span> <span class='ocrx_word' id='word_1_153' title='bbox 1302 2101 1403 2170; x_wconf 90' lang='lat' dir='ltr'><strong>teque</strong></span> <span class='ocrx_word' id='word_1_154' title='bbox 1417 2088 1455 2150; x_wconf 90' lang='lat' dir='ltr'><strong>sit</strong></span> <span class='ocrx_word' id='word_1_155' title='bbox 1469 2108 1557 2150; x_wconf 87' lang='lat' dir='ltr'><strong>causa</strong></span> <span class='ocrx_word' id='word_1_156' title='bbox 1572 2087 1688 2172; x_wconf 86' lang='lat' dir='ltr'><strong>plantus</strong></span> 
     </span>
     <span class='ocr_line' id='line_1_17' title="bbox 407 2186 1690 2272; baseline -0.001 -19"><span class='ocrx_word' id='word_1_157' title='bbox 407 2190 453 2253; x_wconf 89' lang='lat' dir='ltr'><strong>sui</strong></span> <span class='ocrx_word' id='word_1_158' title='bbox 480 2203 511 2252; x_wconf 87' lang='lat' dir='ltr'><strong>et</strong></span> <span class='ocrx_word' id='word_1_159' title='bbox 534 2203 679 2272; x_wconf 84' lang='lat' dir='ltr'><strong>qnantum</strong></span> <span class='ocrx_word' id='word_1_160' title='bbox 704 2188 820 2250; x_wconf 88' lang='lat' dir='ltr'><strong>durabit</strong></span> <span class='ocrx_word' id='word_1_161' title='bbox 848 2186 896 2249; x_wconf 82' lang='lat' dir='ltr'><strong>ltic</strong></span> <span class='ocrx_word' id='word_1_162' title='bbox 922 2187 1032 2249; x_wconf 78' lang='lat' dir='ltr'><strong>Retus?</strong></span> <span class='ocrx_word' id='word_1_163' title='bbox 1060 2190 1098 2250; x_wconf 87' lang='lat' dir='ltr'><strong>Et</strong></span> <span class='ocrx_word' id='word_1_164' title='bbox 1123 2203 1195 2249; x_wconf 83' lang='lat' dir='ltr'><strong>nota</strong></span> <span class='ocrx_word' id='word_1_165' title='bbox 1223 2186 1303 2271; x_wconf 91' lang='lat' dir='ltr'><strong>quod</strong></span> <span class='ocrx_word' id='word_1_166' title='bbox 1331 2186 1408 2249; x_wconf 89' lang='lat' dir='ltr'><strong>hanc</strong></span> <span class='ocrx_word' id='word_1_167' title='bbox 1434 2186 1574 2271; x_wconf 79' lang='lat' dir='ltr'><strong>eglogrm</strong></span> <span class='ocrx_word' id='word_1_168' title='bbox 1603 2204 1690 2252; x_wconf 83' lang='lat' dir='ltr'><strong>autor</strong></span> 
     </span>
     <span class='ocr_line' id='line_1_18' title="bbox 408 2286 1689 2373; baseline 0 -20"><span class='ocrx_word' id='word_1_169' title='bbox 408 2288 499 2353; x_wconf 77' lang='lat' dir='ltr'><strong>edidit</strong></span> <span class='ocrx_word' id='word_1_170' title='bbox 518 2290 549 2352; x_wconf 90' lang='lat' dir='ltr'><strong>in</strong></span> <span class='ocrx_word' id='word_1_171' title='bbox 570 2288 686 2351; x_wconf 88' lang='lat' dir='ltr'><strong>laudem</strong></span> <span class='ocrx_word' id='word_1_172' title='bbox 708 2287 822 2352; x_wconf 74' lang='lat' dir='ltr'><strong>Nicolai</strong></span> <span class='ocrx_word' id='word_1_173' title='bbox 844 2286 978 2369; x_wconf 80' lang='lat' dir='ltr'><strong>Tribuni.</strong></span> <span class='ocrx_word' id='word_1_174' title='bbox 999 2323 1019 2335; x_wconf 94' lang='lat'>-</span> <span class='ocrx_word' id='word_1_175' title='bbox 1040 2288 1177 2373; x_wconf 78' lang='lat' dir='ltr'><strong>Apicius:</strong></span> <span class='ocrx_word' id='word_1_176' title='bbox 1199 2287 1307 2350; x_wconf 86' lang='lat' dir='ltr'><strong>dicitur</strong></span> <span class='ocrx_word' id='word_1_177' title='bbox 1327 2286 1364 2350; x_wconf 88' lang='lat' dir='ltr'><strong>ab</strong></span> <span class='ocrx_word' id='word_1_178' title='bbox 1385 2308 1403 2349; x_wconf 89' lang='lat' dir='ltr'><strong>rt</strong></span> <span class='ocrx_word' id='word_1_179' title='bbox 1425 2288 1505 2372; x_wconf 90' lang='lat' dir='ltr'><strong>quod</strong></span> <span class='ocrx_word' id='word_1_180' title='bbox 1523 2289 1640 2352; x_wconf 80' lang='lat' dir='ltr'><strong>estsine</strong></span> <span class='ocrx_word' id='word_1_181' title='bbox 1659 2305 1689 2353; x_wconf 86' lang='lat' dir='ltr'><strong>ct</strong></span> 
     </span>
     <span class='ocr_line' id='line_1_19' title="bbox 406 2386 1241 2475; baseline -0.002 -24"><span class='ocrx_word' id='word_1_182' title='bbox 406 2389 495 2475; x_wconf 76' lang='lat' dir='ltr'><strong>pitius</strong></span> <span class='ocrx_word' id='word_1_183' title='bbox 514 2389 594 2473; x_wconf 91' lang='lat' dir='ltr'><strong>quod</strong></span> <span class='ocrx_word' id='word_1_184' title='bbox 614 2404 658 2451; x_wconf 87' lang='lat' dir='ltr'><strong>est</strong></span> <span class='ocrx_word' id='word_1_185' title='bbox 675 2390 776 2473; x_wconf 76' lang='lat' dir='ltr'><strong>pictus.</strong></span> <span class='ocrx_word' id='word_1_186' title='bbox 796 2389 863 2471; x_wconf 90' lang='lat' dir='ltr'><strong>qnia</strong></span> <span class='ocrx_word' id='word_1_187' title='bbox 887 2389 985 2451; x_wconf 86' lang='lat' dir='ltr'><strong>Ursini</strong></span> <span class='ocrx_word' id='word_1_188' title='bbox 1007 2403 1077 2449; x_wconf 86' lang='lat' dir='ltr'><strong>sunt</strong></span> <span class='ocrx_word' id='word_1_189' title='bbox 1097 2386 1241 2451; x_wconf 82' lang='lat' dir='ltr'><strong>crudeles.</strong></span> 
     </span>
    </p>

    <p class='ocr_par' dir='ltr' id='par_1_4' title="bbox 409 2485 1692 3172">
     <span class='ocr_line' id='line_1_20' title="bbox 492 2485 1689 2571; baseline -0.002 -20"><span class='ocrx_word' id='word_1_190' title='bbox 492 2488 600 2552; x_wconf 78' lang='lat' dir='ltr'><strong>Cuncta</strong></span> <span class='ocrx_word' id='word_1_191' title='bbox 621 2495 741 2550; x_wconf 82' lang='lat' dir='ltr'><strong>vorant:</strong></span> <span class='ocrx_word' id='word_1_192' title='bbox 764 2487 931 2571; x_wconf 84' lang='lat' dir='ltr'><strong>Respondet</strong></span> <span class='ocrx_word' id='word_1_193' title='bbox 952 2487 1092 2570; x_wconf 83' lang='lat' dir='ltr'><strong>Apicius:</strong></span> <span class='ocrx_word' id='word_1_194' title='bbox 1115 2490 1209 2551; x_wconf 84' lang='lat' dir='ltr'><strong>Roma</strong></span> <span class='ocrx_word' id='word_1_195' title='bbox 1224 2503 1320 2549; x_wconf 88' lang='lat' dir='ltr'><strong>mater</strong></span> <span class='ocrx_word' id='word_1_196' title='bbox 1333 2500 1433 2548; x_wconf 89' lang='lat' dir='ltr'><strong>nostra</strong></span> <span class='ocrx_word' id='word_1_197' title='bbox 1447 2485 1528 2549; x_wconf 89' lang='lat' dir='ltr'><strong>dolet</strong></span> <span class='ocrx_word' id='word_1_198' title='bbox 1548 2489 1689 2571; x_wconf 86' lang='lat' dir='ltr'><strong>quoniam</strong></span> 
     </span>
     <span class='ocr_line' id='line_1_21' title="bbox 410 2584 1691 2674; baseline -0.002 -23"><span class='ocrx_word' id='word_1_199' title='bbox 410 2607 529 2651; x_wconf 88' lang='lat' dir='ltr'><strong>cursum</strong></span> <span class='ocrx_word' id='word_1_200' title='bbox 550 2589 611 2672; x_wconf 83' lang='lat' dir='ltr'><strong>egit</strong></span> <span class='ocrx_word' id='word_1_201' title='bbox 630 2608 718 2649; x_wconf 89' lang='lat' dir='ltr'><strong>suum</strong></span> <span class='ocrx_word' id='word_1_202' title='bbox 739 2602 768 2650; x_wconf 87' lang='lat' dir='ltr'><strong>et</strong></span> <span class='ocrx_word' id='word_1_203' title='bbox 788 2588 950 2649; x_wconf 83' lang='lat' dir='ltr'><strong>inveterata</strong></span> <span class='ocrx_word' id='word_1_204' title='bbox 963 2602 1026 2674; x_wconf 26' lang='lat' dir='ltr'><strong>test,</strong></span> <span class='ocrx_word' id='word_1_205' title='bbox 1047 2588 1116 2673; x_wconf 87' lang='lat' dir='ltr'><strong>qnia</strong></span> <span class='ocrx_word' id='word_1_206' title='bbox 1138 2588 1240 2671; x_wconf 89' lang='lat' dir='ltr'><strong>nequit</strong></span> <span class='ocrx_word' id='word_1_207' title='bbox 1260 2585 1310 2649; x_wconf 88' lang='lat' dir='ltr'><strong>illa</strong></span> <span class='ocrx_word' id='word_1_208' title='bbox 1331 2584 1426 2648; x_wconf 84' lang='lat' dir='ltr'><strong>lacere</strong></span> <span class='ocrx_word' id='word_1_209' title='bbox 1451 2588 1561 2670; x_wconf 90' lang='lat' dir='ltr'><strong>quein</strong></span> <span class='ocrx_word' id='word_1_210' title='bbox 1582 2588 1691 2650; x_wconf 80' lang='lat' dir='ltr'><strong>insen-</strong></span> 
     </span>
     <span class='ocr_line' id='line_1_22' title="bbox 410 2685 1690 2771; baseline -0.002 -20"><span class='ocrx_word' id='word_1_211' title='bbox 410 2702 474 2751; x_wconf 90' lang='lat' dir='ltr'><strong>tute</strong></span> <span class='ocrx_word' id='word_1_212' title='bbox 493 2689 667 2763; x_wconf 83' lang='lat' dir='ltr'><strong>consuer·it;</strong></span> <span class='ocrx_word' id='word_1_213' title='bbox 695 2708 748 2750; x_wconf 91' lang='lat' dir='ltr'><strong>nec</strong></span> <span class='ocrx_word' id='word_1_214' title='bbox 777 2701 873 2771; x_wconf 83' lang='lat' dir='ltr'><strong>potest</strong></span> <span class='ocrx_word' id='word_1_215' title='bbox 902 2688 1039 2749; x_wconf 77' lang='lat' dir='ltr'><strong>iuventus</strong></span> <span class='ocrx_word' id='word_1_216' title='bbox 1069 2689 1232 2769; x_wconf 87' lang='lat' dir='ltr'><strong>recuperari</strong></span> <span class='ocrx_word' id='word_1_217' title='bbox 1262 2702 1291 2748; x_wconf 92' lang='lat' dir='ltr'><strong>et</strong></span> <span class='ocrx_word' id='word_1_218' title='bbox 1317 2688 1359 2748; x_wconf 88' lang='lat' dir='ltr'><strong>sic</strong></span> <span class='ocrx_word' id='word_1_219' title='bbox 1385 2685 1492 2749; x_wconf 82' lang='lat' dir='ltr'><strong>frustra</strong></span> <span class='ocrx_word' id='word_1_220' title='bbox 1520 2707 1690 2750; x_wconf 84' lang='lat' dir='ltr'><strong>succurrere</strong></span> 
     </span>
     <span class='ocr_line' id='line_1_23' title="bbox 410 2786 1688 2875; baseline -0.002 -24"><span class='ocrx_word' id='word_1_221' title='bbox 410 2790 551 2875; x_wconf 89' lang='lat' dir='ltr'><strong>queritur.</strong></span> <span class='ocrx_word' id='word_1_222' title='bbox 571 2823 593 2837; x_wconf 91' lang='lat'>-</span> <span class='ocrx_word' id='word_1_223' title='bbox 610 2790 712 2873; x_wconf 79' lang='lat' dir='ltr'><strong>Aspice</strong></span> <span class='ocrx_word' id='word_1_224' title='bbox 732 2795 816 2873; x_wconf 80' lang='lat' dir='ltr'><strong>quola</strong></span> <span class='ocrx_word' id='word_1_225' title='bbox 838 2788 1006 2871; x_wconf 86' lang='lat' dir='ltr'><strong>Respondet</strong></span> <span class='ocrx_word' id='word_1_226' title='bbox 1028 2788 1152 2850; x_wconf 89' lang='lat' dir='ltr'><strong>Martius</strong></span> <span class='ocrx_word' id='word_1_227' title='bbox 1173 2802 1203 2849; x_wconf 86' lang='lat' dir='ltr'><strong>et</strong></span> <span class='ocrx_word' id='word_1_228' title='bbox 1223 2786 1313 2849; x_wconf 82' lang='lat' dir='ltr'><strong>solvit</strong></span> <span class='ocrx_word' id='word_1_229' title='bbox 1328 2788 1456 2849; x_wconf 90' lang='lat' dir='ltr'><strong>rationes</strong></span> <span class='ocrx_word' id='word_1_230' title='bbox 1472 2787 1573 2870; x_wconf 78' lang='lat' dir='ltr'><strong>Apitij‚</strong></span> <span class='ocrx_word' id='word_1_231' title='bbox 1588 2787 1688 2851; x_wconf 89' lang='lat' dir='ltr'><strong>dicens</strong></span> 
     </span>
     <span class='ocr_line' id='line_1_24' title="bbox 410 2886 1691 2976; baseline -0.002 -24"><span class='ocrx_word' id='word_1_232' title='bbox 410 2888 490 2976; x_wconf 88' lang='lat' dir='ltr'><strong>quod</strong></span> <span class='ocrx_word' id='word_1_233' title='bbox 510 2887 604 2951; x_wconf 90' lang='lat' dir='ltr'><strong>multe</strong></span> <span class='ocrx_word' id='word_1_234' title='bbox 623 2904 692 2951; x_wconf 91' lang='lat' dir='ltr'><strong>sunt</strong></span> <span class='ocrx_word' id='word_1_235' title='bbox 713 2890 846 2951; x_wconf 73' lang='lat' dir='ltr'><strong>civitates</strong></span> <span class='ocrx_word' id='word_1_236' title='bbox 866 2890 996 2950; x_wconf 87' lang='lat' dir='ltr'><strong>seniores</strong></span> <span class='ocrx_word' id='word_1_237' title='bbox 1011 2891 1116 2963; x_wconf 86' lang='lat' dir='ltr'><strong>Roma,</strong></span> <span class='ocrx_word' id='word_1_238' title='bbox 1138 2904 1171 2950; x_wconf 94' lang='lat' dir='ltr'><strong>ut</strong></span> <span class='ocrx_word' id='word_1_239' title='bbox 1192 2888 1301 2963; x_wconf 88' lang='lat' dir='ltr'><strong>Padua‚</strong></span> <span class='ocrx_word' id='word_1_240' title='bbox 1321 2906 1380 2970; x_wconf 91' lang='lat' dir='ltr'><strong>que</strong></span> <span class='ocrx_word' id='word_1_241' title='bbox 1400 2903 1470 2950; x_wconf 91' lang='lat' dir='ltr'><strong>sunt</strong></span> <span class='ocrx_word' id='word_1_242' title='bbox 1492 2886 1640 2950; x_wconf 73' lang='lat' dir='ltr'><strong>robuste„</strong></span> <span class='ocrx_word' id='word_1_243' title='bbox 1663 2903 1691 2950; x_wconf 86' lang='lat' dir='ltr'><strong>et</strong></span> 
     </span>
     <span class='ocr_line' id='line_1_25' title="bbox 409 2988 1692 3074; baseline -0.004 -20"><span class='ocrx_word' id='word_1_244' title='bbox 409 2992 451 3054; x_wconf 84' lang='lat' dir='ltr'><strong>sic</strong></span> <span class='ocrx_word' id='word_1_245' title='bbox 472 3010 532 3053; x_wconf 90' lang='lat' dir='ltr'><strong>non</strong></span> <span class='ocrx_word' id='word_1_246' title='bbox 552 2991 684 3074; x_wconf 79' lang='lat' dir='ltr'><strong>procedit</strong></span> <span class='ocrx_word' id='word_1_247' title='bbox 703 3012 720 3052; x_wconf 82' lang='lat' dir='ltr'><strong>a</strong></span> <span class='ocrx_word' id='word_1_248' title='bbox 741 2991 833 3065; x_wconf 88' lang='lat' dir='ltr'><strong>senio,</strong></span> <span class='ocrx_word' id='word_1_249' title='bbox 854 2989 904 3051; x_wconf 87' lang='lat' dir='ltr'><strong>sed</strong></span> <span class='ocrx_word' id='word_1_250' title='bbox 925 2989 982 3051; x_wconf 89' lang='lat' dir='ltr'><strong>alia</strong></span> <span class='ocrx_word' id='word_1_251' title='bbox 1002 3010 1090 3051; x_wconf 89' lang='lat' dir='ltr'><strong>causa</strong></span> <span class='ocrx_word' id='word_1_252' title='bbox 1112 3004 1166 3050; x_wconf 86' lang='lat' dir='ltr'><strong>est.</strong></span> <span class='ocrx_word' id='word_1_253' title='bbox 1187 3024 1197 3036; x_wconf 94' lang='lat'><em>-</em></span> <span class='ocrx_word' id='word_1_254' title='bbox 1218 3008 1309 3050; x_wconf 86' lang='lat' dir='ltr'><strong>nrrrrs:</strong></span> <span class='ocrx_word' id='word_1_255' title='bbox 1325 2988 1469 3050; x_wconf 82' lang='lat' dir='ltr'><strong>civitates.</strong></span> <span class='ocrx_word' id='word_1_256' title='bbox 1490 3023 1501 3035; x_wconf 89' lang='lat'><strong>·</strong></span> <span class='ocrx_word' id='word_1_257' title='bbox 1509 2988 1647 3072; x_wconf 73' lang='lat' dir='ltr'><strong>fastidia:</strong></span> <span class='ocrx_word' id='word_1_258' title='bbox 1662 2990 1692 3049; x_wconf 87' lang='lat' dir='ltr'><strong>irr</strong></span> 
     </span>
     <span class='ocr_line' id='line_1_26' title="bbox 410 3087 1537 3172; baseline -0.006 -18"><span class='ocrx_word' id='word_1_259' title='bbox 410 3090 576 3154; x_wconf 87' lang='lat' dir='ltr'><strong>nutriendo.</strong></span> <span class='ocrx_word' id='word_1_260' title='bbox 596 3126 607 3138; x_wconf 95' lang='lat'><strong>·</strong></span> <span class='ocrx_word' id='word_1_261' title='bbox 627 3109 712 3152; x_wconf 84' lang='lat' dir='ltr'><strong>cure:</strong></span> <span class='ocrx_word' id='word_1_262' title='bbox 731 3091 761 3152; x_wconf 90' lang='lat' dir='ltr'><strong>in</strong></span> <span class='ocrx_word' id='word_1_263' title='bbox 784 3087 984 3172; x_wconf 85' lang='lat' dir='ltr'><strong>gubernando.</strong></span> <span class='ocrx_word' id='word_1_264' title='bbox 1535 3105 1537 3109; x_wconf 72' lang='grc'>’</span> 
     </span>
    </p>

    <p class='ocr_par' dir='ltr' id='par_1_5' title="bbox 412 3188 1695 3670">
     <span class='ocr_line' id='line_1_27' title="bbox 497 3188 1692 3274; baseline -0.001 -22"><span class='ocrx_word' id='word_1_265' title='bbox 497 3192 562 3253; x_wconf 88' lang='lat' dir='ltr'><strong>Vim</strong></span> <span class='ocrx_word' id='word_1_266' title='bbox 582 3191 684 3253; x_wconf 85' lang='lat' dir='ltr'><strong>rresrr&#39;l:</strong></span> <span class='ocrx_word' id='word_1_267' title='bbox 710 3192 826 3274; x_wconf 80' lang='lat' dir='ltr'><strong>Apicius</strong></span> <span class='ocrx_word' id='word_1_268' title='bbox 854 3189 1032 3273; x_wconf 87' lang='lat' dir='ltr'><strong>respondens</strong></span> <span class='ocrx_word' id='word_1_269' title='bbox 1059 3188 1193 3252; x_wconf 79' lang='lat' dir='ltr'><strong>confutat</strong></span> <span class='ocrx_word' id='word_1_270' title='bbox 1213 3190 1243 3250; x_wconf 92' lang='lat' dir='ltr'><strong>in</strong></span> <span class='ocrx_word' id='word_1_271' title='bbox 1272 3190 1416 3250; x_wconf 89' lang='lat' dir='ltr'><strong>rationem</strong></span> <span class='ocrx_word' id='word_1_272' title='bbox 1444 3190 1553 3271; x_wconf 74' lang='lat' dir='ltr'><strong>Martii,</strong></span> <span class='ocrx_word' id='word_1_273' title='bbox 1574 3189 1692 3251; x_wconf 88' lang='lat' dir='ltr'><strong>dicens:</strong></span> 
     </span>
     <span class='ocr_line' id='line_1_28' title="bbox 413 3287 1694 3375; baseline -0.004 -20"><span class='ocrx_word' id='word_1_274' title='bbox 413 3292 488 3355; x_wconf 82' lang='lat' dir='ltr'><strong>ratio</strong></span> <span class='ocrx_word' id='word_1_275' title='bbox 508 3306 558 3354; x_wconf 92' lang='lat' dir='ltr'><strong>tna</strong></span> <span class='ocrx_word' id='word_1_276' title='bbox 581 3311 640 3354; x_wconf 90' lang='lat' dir='ltr'><strong>non</strong></span> <span class='ocrx_word' id='word_1_277' title='bbox 661 3291 802 3374; x_wconf 86' lang='lat' dir='ltr'><strong>procedit,</strong></span> <span class='ocrx_word' id='word_1_278' title='bbox 823 3293 891 3375; x_wconf 82' lang='lat' dir='ltr'><strong>quis</strong></span> <span class='ocrx_word' id='word_1_279' title='bbox 913 3289 1086 3353; x_wconf 88' lang='lat' dir='ltr'><strong>naturaliter</strong></span> <span class='ocrx_word' id='word_1_280' title='bbox 1112 3290 1214 3351; x_wconf 86' lang='lat' dir='ltr'><strong>omnia</strong></span> <span class='ocrx_word' id='word_1_281' title='bbox 1234 3290 1271 3351; x_wconf 90' lang='lat' dir='ltr'><strong>ad</strong></span> <span class='ocrx_word' id='word_1_282' title='bbox 1293 3309 1412 3351; x_wconf 86' lang='lat' dir='ltr'><strong>cursum</strong></span> <span class='ocrx_word' id='word_1_283' title='bbox 1435 3287 1574 3350; x_wconf 80' lang='lat' dir='ltr'><strong>festinant</strong></span> <span class='ocrx_word' id='word_1_284' title='bbox 1596 3311 1694 3363; x_wconf 88' lang='lat' dir='ltr'><strong>suum,</strong></span> 
     </span>
     <span class='ocr_line' id='line_1_29' title="bbox 412 3390 1695 3479; baseline -0.005 -24"><span class='ocrx_word' id='word_1_285' title='bbox 412 3394 553 3479; x_wconf 89' lang='lat' dir='ltr'><strong>quoniam</strong></span> <span class='ocrx_word' id='word_1_286' title='bbox 575 3396 679 3467; x_wconf 89' lang='lat' dir='ltr'><strong>Roma,</strong></span> <span class='ocrx_word' id='word_1_287' title='bbox 692 3412 750 3477; x_wconf 88' lang='lat' dir='ltr'><strong>qne</strong></span> <span class='ocrx_word' id='word_1_288' title='bbox 765 3391 801 3452; x_wconf 82' lang='lat' dir='ltr'><strong>ad</strong></span> <span class='ocrx_word' id='word_1_289' title='bbox 823 3393 937 3453; x_wconf 91' lang='lat' dir='ltr'><strong>senium</strong></span> <span class='ocrx_word' id='word_1_290' title='bbox 960 3393 1053 3467; x_wconf 82' lang='lat' dir='ltr'><strong>uenit,</strong></span> <span class='ocrx_word' id='word_1_291' title='bbox 1074 3391 1111 3453; x_wconf 88' lang='lat' dir='ltr'><strong>ad</strong></span> <span class='ocrx_word' id='word_1_292' title='bbox 1132 3393 1320 3453; x_wconf 76' lang='lat' dir='ltr'><strong>iuventutem</strong></span> <span class='ocrx_word' id='word_1_293' title='bbox 1343 3390 1436 3453; x_wconf 87' lang='lat' dir='ltr'><strong>redire</strong></span> <span class='ocrx_word' id='word_1_294' title='bbox 1458 3390 1503 3452; x_wconf 79' lang='lat' dir='ltr'><strong>cel</strong></span> <span class='ocrx_word' id='word_1_295' title='bbox 1526 3411 1592 3453; x_wconf 87' lang='lat' dir='ltr'><strong>earn</strong></span> <span class='ocrx_word' id='word_1_296' title='bbox 1614 3412 1695 3453; x_wconf 90' lang='lat' dir='ltr'><strong>reno·</strong></span> 
     </span>
     <span class='ocr_line' id='line_1_30' title="bbox 413 3490 1695 3576; baseline -0.002 -20"><span class='ocrx_word' id='word_1_297' title='bbox 413 3512 483 3556; x_wconf 78' lang='lat' dir='ltr'><strong>vare</strong></span> <span class='ocrx_word' id='word_1_298' title='bbox 502 3513 563 3555; x_wconf 91' lang='lat' dir='ltr'><strong>non</strong></span> <span class='ocrx_word' id='word_1_299' title='bbox 584 3507 693 3575; x_wconf 85' lang='lat' dir='ltr'><strong>posset,</strong></span> <span class='ocrx_word' id='word_1_300' title='bbox 714 3491 782 3556; x_wconf 92' lang='lat' dir='ltr'><strong>licet</strong></span> <span class='ocrx_word' id='word_1_301' title='bbox 809 3493 908 3554; x_wconf 80' lang='lat' dir='ltr'><strong>onmia</strong></span> <span class='ocrx_word' id='word_1_302' title='bbox 930 3490 1017 3553; x_wconf 80' lang='lat' dir='ltr'><strong>facias</strong></span> <span class='ocrx_word' id='word_1_303' title='bbox 1046 3505 1231 3576; x_wconf 84' lang='lat' dir='ltr'><strong>argumenta,</strong></span> <span class='ocrx_word' id='word_1_304' title='bbox 1252 3490 1321 3576; x_wconf 83' lang='lat' dir='ltr'><strong>quia</strong></span> <span class='ocrx_word' id='word_1_305' title='bbox 1342 3505 1446 3553; x_wconf 88' lang='lat' dir='ltr'><strong>contra</strong></span> <span class='ocrx_word' id='word_1_306' title='bbox 1480 3506 1616 3553; x_wconf 81' lang='lat' dir='ltr'><strong>naturam</strong></span> <span class='ocrx_word' id='word_1_307' title='bbox 1637 3513 1695 3576; x_wconf 92' lang='lat' dir='ltr'><strong>qne</strong></span> 
     </span>
     <span class='ocr_line' id='line_1_31' title="bbox 413 3590 1495 3670; baseline -0.011 -14"><span class='ocrx_word' id='word_1_308' title='bbox 413 3590 604 3656; x_wconf 89' lang='lat' dir='ltr'><strong>immutabilis</strong></span> <span class='ocrx_word' id='word_1_309' title='bbox 625 3607 679 3654; x_wconf 72' lang='lat' dir='ltr'><strong>est.</strong></span> <span class='ocrx_word' id='word_1_310' title='bbox 1422 3593 1425 3599; x_wconf 86' lang='grc'><em>·</em></span> <span class='ocrx_word' id='word_1_311' title='bbox 1490 3657 1495 3670; x_wconf 94' lang='lat'>.</span> 
     </span>
    </p>

    <p class='ocr_par' dir='ltr' id='par_1_6' title="bbox 414 3688 1697 4074">
     <span class='ocr_line' id='line_1_32' title="bbox 468 3688 1695 3777; baseline -0.002 -23"><span class='ocrx_word' id='word_1_312' title='bbox 468 3693 552 3775; x_wconf 71' lang='lat' dir='ltr'><strong>⁸Her</strong></span> <span class='ocrx_word' id='word_1_313' title='bbox 570 3701 676 3777; x_wconf 78' lang='lat' dir='ltr'><strong>propr:</strong></span> <span class='ocrx_word' id='word_1_314' title='bbox 699 3691 865 3775; x_wconf 87' lang='lat' dir='ltr'><strong>Respondet</strong></span> <span class='ocrx_word' id='word_1_315' title='bbox 894 3693 1036 3754; x_wconf 85' lang='lat' dir='ltr'><strong>Martius:</strong></span> <span class='ocrx_word' id='word_1_316' title='bbox 1066 3690 1141 3753; x_wconf 87' lang='lat' dir='ltr'><strong>bene</strong></span> <span class='ocrx_word' id='word_1_317' title='bbox 1168 3690 1240 3753; x_wconf 90' lang='lat' dir='ltr'><strong>dicis</strong></span> <span class='ocrx_word' id='word_1_318' title='bbox 1261 3688 1341 3774; x_wconf 89' lang='lat' dir='ltr'><strong>quod</strong></span> <span class='ocrx_word' id='word_1_319' title='bbox 1369 3704 1472 3753; x_wconf 88' lang='lat' dir='ltr'><strong>contra</strong></span> <span class='ocrx_word' id='word_1_320' title='bbox 1498 3704 1632 3751; x_wconf 90' lang='lat' dir='ltr'><strong>naturam</strong></span> <span class='ocrx_word' id='word_1_321' title='bbox 1655 3689 1695 3752; x_wconf 92' lang='lat' dir='ltr'><strong>nil</strong></span> 
     </span>
     <span class='ocr_line' id='line_1_33' title="bbox 414 3788 1696 3875; baseline 0 -22"><span class='ocrx_word' id='word_1_322' title='bbox 414 3804 512 3875; x_wconf 76' lang='lat' dir='ltr'><strong>potest</strong></span> <span class='ocrx_word' id='word_1_323' title='bbox 531 3792 599 3874; x_wconf 83' lang='lat' dir='ltr'><strong>agi;</strong></span> <span class='ocrx_word' id='word_1_324' title='bbox 620 3806 650 3852; x_wconf 88' lang='lat' dir='ltr'><strong>et</strong></span> <span class='ocrx_word' id='word_1_325' title='bbox 669 3792 737 3874; x_wconf 88' lang='lat' dir='ltr'><strong>quia</strong></span> <span class='ocrx_word' id='word_1_326' title='bbox 758 3792 857 3874; x_wconf 86' lang='lat' dir='ltr'><strong>arguis</strong></span> <span class='ocrx_word' id='word_1_327' title='bbox 878 3812 894 3850; x_wconf 95' lang='lat' dir='ltr'><strong>a</strong></span> <span class='ocrx_word' id='word_1_328' title='bbox 916 3806 1019 3852; x_wconf 90' lang='lat' dir='ltr'><strong>natura</strong></span> <span class='ocrx_word' id='word_1_329' title='bbox 1043 3807 1072 3852; x_wconf 90' lang='lat' dir='ltr'><strong>et</strong></span> <span class='ocrx_word' id='word_1_330' title='bbox 1104 3811 1162 3874; x_wconf 84' lang='lat' dir='ltr'><strong>ego</strong></span> <span class='ocrx_word' id='word_1_331' title='bbox 1183 3790 1220 3852; x_wconf 91' lang='lat' dir='ltr'><strong>ab</strong></span> <span class='ocrx_word' id='word_1_332' title='bbox 1242 3811 1285 3852; x_wconf 87' lang='lat' dir='ltr'><strong>ea.</strong></span> <span class='ocrx_word' id='word_1_333' title='bbox 1314 3788 1401 3852; x_wconf 89' lang='lat' dir='ltr'><strong>Unde</strong></span> <span class='ocrx_word' id='word_1_334' title='bbox 1429 3805 1533 3852; x_wconf 89' lang='lat' dir='ltr'><strong>natura</strong></span> <span class='ocrx_word' id='word_1_335' title='bbox 1561 3790 1642 3853; x_wconf 91' lang='lat' dir='ltr'><strong>iubet</strong></span> <span class='ocrx_word' id='word_1_336' title='bbox 1663 3808 1696 3853; x_wconf 90' lang='lat' dir='ltr'><strong>nt</strong></span> 
     </span>
     <span class='ocr_line' id='line_1_34' title="bbox 415 3887 1697 3973; baseline -0.002 -19"><span class='ocrx_word' id='word_1_337' title='bbox 415 3890 466 3973; x_wconf 81' lang='lat' dir='ltr'><strong>filij</strong></span> <span class='ocrx_word' id='word_1_338' title='bbox 489 3907 623 3973; x_wconf 86' lang='lat' dir='ltr'><strong>parentes</strong></span> <span class='ocrx_word' id='word_1_339' title='bbox 643 3889 742 3953; x_wconf 88' lang='lat' dir='ltr'><strong>colant</strong></span> <span class='ocrx_word' id='word_1_340' title='bbox 763 3906 792 3951; x_wconf 95' lang='lat' dir='ltr'><strong>et</strong></span> <span class='ocrx_word' id='word_1_341' title='bbox 813 3891 925 3964; x_wconf 77' lang='lat' dir='ltr'><strong>iuvent,</strong></span> <span class='ocrx_word' id='word_1_342' title='bbox 946 3906 975 3951; x_wconf 94' lang='lat' dir='ltr'><strong>et</strong></span> <span class='ocrx_word' id='word_1_343' title='bbox 997 3892 1085 3952; x_wconf 87' lang='lat' dir='ltr'><strong>etiam</strong></span> <span class='ocrx_word' id='word_1_344' title='bbox 1107 3890 1189 3951; x_wconf 87' lang='lat' dir='ltr'><strong>iubet</strong></span> <span class='ocrx_word' id='word_1_345' title='bbox 1208 3890 1288 3973; x_wconf 84' lang='lat' dir='ltr'><strong>qnod</strong></span> <span class='ocrx_word' id='word_1_346' title='bbox 1310 3888 1360 3969; x_wconf 82' lang='lat' dir='ltr'><strong>lilii</strong></span> <span class='ocrx_word' id='word_1_347' title='bbox 1384 3887 1513 3952; x_wconf 82' lang='lat' dir='ltr'><strong>habeant</strong></span> <span class='ocrx_word' id='word_1_348' title='bbox 1531 3911 1582 3952; x_wconf 91' lang='lat' dir='ltr'><strong>eos</strong></span> <span class='ocrx_word' id='word_1_349' title='bbox 1604 3894 1633 3954; x_wconf 92' lang='lat' dir='ltr'><strong>in</strong></span> <span class='ocrx_word' id='word_1_350' title='bbox 1656 3912 1697 3953; x_wconf 91' lang='lat' dir='ltr'><strong>re·</strong></span> 
     </span>
     <span class='ocr_line' id='line_1_35' title="bbox 415 3988 1572 4074; baseline -0.001 -21"><span class='ocrx_word' id='word_1_351' title='bbox 415 3992 546 4053; x_wconf 78' lang='lat' dir='ltr'><strong>verentia</strong></span> <span class='ocrx_word' id='word_1_352' title='bbox 565 3992 648 4074; x_wconf 85' lang='lat' dir='ltr'><strong>quasi</strong></span> <span class='ocrx_word' id='word_1_353' title='bbox 670 4007 702 4052; x_wconf 91' lang='lat' dir='ltr'><strong>ut</strong></span> <span class='ocrx_word' id='word_1_354' title='bbox 722 3991 804 4065; x_wconf 86' lang='lat' dir='ltr'><strong>deos,</strong></span> <span class='ocrx_word' id='word_1_355' title='bbox 825 4004 855 4052; x_wconf 89' lang='lat' dir='ltr'><strong>et</strong></span> <span class='ocrx_word' id='word_1_356' title='bbox 875 3992 916 4052; x_wconf 91' lang='lat' dir='ltr'><strong>sic</strong></span> <span class='ocrx_word' id='word_1_357' title='bbox 937 3990 1079 4052; x_wconf 86' lang='lat' dir='ltr'><strong>debemus</strong></span> <span class='ocrx_word' id='word_1_358' title='bbox 1100 4011 1162 4065; x_wconf 87' lang='lat' dir='ltr'><strong>eos,</strong></span> <span class='ocrx_word' id='word_1_359' title='bbox 1184 4008 1287 4052; x_wconf 88' lang='lat' dir='ltr'><strong>namra</strong></span> <span class='ocrx_word' id='word_1_360' title='bbox 1309 3988 1439 4063; x_wconf 88' lang='lat' dir='ltr'><strong>iubente,</strong></span> <span class='ocrx_word' id='word_1_361' title='bbox 1460 3992 1572 4052; x_wconf 84' lang='lat' dir='ltr'><strong>iurare.</strong></span> 
     </span>
    </p>

    <p class='ocr_par' dir='ltr' id='par_1_7' title="bbox 415 4088 1697 4273">
     <span class='ocr_line' id='line_1_36' title="bbox 495 4088 1697 4174; baseline -0.001 -22"><span class='ocrx_word' id='word_1_362' title='bbox 495 4091 554 4153; x_wconf 83' lang='lat' dir='ltr'><strong>Her</strong></span> <span class='ocrx_word' id='word_1_363' title='bbox 573 4090 687 4153; x_wconf 81' lang='lat' dir='ltr'><strong>eadem:</strong></span> <span class='ocrx_word' id='word_1_364' title='bbox 710 4090 877 4173; x_wconf 88' lang='lat' dir='ltr'><strong>Respondet</strong></span> <span class='ocrx_word' id='word_1_365' title='bbox 900 4092 1020 4174; x_wconf 76' lang='lat' dir='ltr'><strong>Apicius</strong></span> <span class='ocrx_word' id='word_1_366' title='bbox 1042 4105 1071 4151; x_wconf 91' lang='lat' dir='ltr'><strong>et</strong></span> <span class='ocrx_word' id='word_1_367' title='bbox 1091 4090 1182 4152; x_wconf 86' lang='lat' dir='ltr'><strong>dicit:</strong></span> <span class='ocrx_word' id='word_1_368' title='bbox 1205 4111 1263 4173; x_wconf 86' lang='lat' dir='ltr'><strong>ego</strong></span> <span class='ocrx_word' id='word_1_369' title='bbox 1285 4088 1337 4153; x_wconf 89' lang='lat' dir='ltr'><strong>tibi</strong></span> <span class='ocrx_word' id='word_1_370' title='bbox 1359 4090 1492 4152; x_wconf 90' lang='lat' dir='ltr'><strong>concedo</strong></span> <span class='ocrx_word' id='word_1_371' title='bbox 1512 4091 1591 4173; x_wconf 84' lang='lat' dir='ltr'><strong>quod</strong></span> <span class='ocrx_word' id='word_1_372' title='bbox 1613 4090 1697 4163; x_wconf 79' lang='lat' dir='ltr'><strong>dicis,</strong></span> 
     </span>
     <span class='ocr_line' id='line_1_37' title="bbox 415 4189 1695 4273; baseline -0.002 -20"><span class='ocrx_word' id='word_1_373' title='bbox 415 4190 466 4254; x_wconf 85' lang='lat' dir='ltr'><strong>sed</strong></span> <span class='ocrx_word' id='word_1_374' title='bbox 487 4190 543 4252; x_wconf 84' lang='lat' dir='ltr'><strong>ista</strong></span> <span class='ocrx_word' id='word_1_375' title='bbox 562 4206 666 4252; x_wconf 84' lang='lat' dir='ltr'><strong>natura</strong></span> <span class='ocrx_word' id='word_1_376' title='bbox 689 4206 777 4273; x_wconf 86' lang='lat' dir='ltr'><strong>negat</strong></span> <span class='ocrx_word' id='word_1_377' title='bbox 796 4191 957 4273; x_wconf 86' lang='lat' dir='ltr'><strong>anticipare</strong></span> <span class='ocrx_word' id='word_1_378' title='bbox 976 4210 1097 4252; x_wconf 86' lang='lat' dir='ltr'><strong>cursum</strong></span> <span class='ocrx_word' id='word_1_379' title='bbox 1112 4192 1172 4252; x_wconf 81' lang='lat' dir='ltr'><strong>site</strong></span> <span class='ocrx_word' id='word_1_380' title='bbox 1193 4205 1223 4252; x_wconf 88' lang='lat' dir='ltr'><strong>et</strong></span> <span class='ocrx_word' id='word_1_381' title='bbox 1244 4209 1343 4251; x_wconf 91' lang='lat' dir='ltr'><strong>rernm</strong></span> <span class='ocrx_word' id='word_1_382' title='bbox 1358 4192 1436 4251; x_wconf 82' lang='lat' dir='ltr'><strong>vices</strong></span> <span class='ocrx_word' id='word_1_383' title='bbox 1459 4189 1586 4251; x_wconf 85' lang='lat' dir='ltr'><strong>turbare.</strong></span> <span class='ocrx_word' id='word_1_384' title='bbox 1603 4193 1695 4254; x_wconf 90' lang='lat' dir='ltr'><strong>Roma</strong></span> 
     </span>
    </p>
   </div>
   <div class='ocr_carea' id='block_1_3' title="bbox 416 4600 1700 4859">
    <p class='ocr_par' dir='ltr' id='par_1_8' title="bbox 416 4600 1700 4859">
     <span class='ocr_line' id='line_1_38' title="bbox 416 4600 1700 4671; baseline -0.005 -14"><span class='ocrx_word' id='word_1_385' title='bbox 416 4614 504 4657; x_wconf 77' lang='lat' dir='ltr'><strong>ustum</strong></span> <span class='ocrx_word' id='word_1_386' title='bbox 521 4603 655 4671; x_wconf 75' lang='lat' dir='ltr'><strong>reciperet.</strong></span> <span class='ocrx_word' id='word_1_387' title='bbox 673 4613 699 4655; x_wconf 84' lang='lat' dir='ltr'><strong>et</strong></span> <span class='ocrx_word' id='word_1_388' title='bbox 718 4603 811 4655; x_wconf 88' lang='lat' dir='ltr'><strong>rnortni</strong></span> <span class='ocrx_word' id='word_1_389' title='bbox 830 4615 890 4654; x_wconf 87' lang='lat' dir='ltr'><strong>sunt</strong></span> <span class='ocrx_word' id='word_1_390' title='bbox 909 4604 957 4655; x_wconf 89' lang='lat' dir='ltr'><strong>sub</strong></span> <span class='ocrx_word' id='word_1_391' title='bbox 975 4603 1033 4670; x_wconf 84' lang='lat' dir='ltr'><strong>ipso</strong></span> <span class='ocrx_word' id='word_1_392' title='bbox 1044 4602 1131 4669; x_wconf 77' lang='lat' dir='ltr'><strong>gladio</strong></span> <span class='ocrx_word' id='word_1_393' title='bbox 1145 4602 1301 4654; x_wconf 79' lang='lat' dir='ltr'><strong>Stelanntius</strong></span> <span class='ocrx_word' id='word_1_394' title='bbox 1313 4604 1345 4654; x_wconf 89' lang='lat' dir='ltr'><strong>de</strong></span> <span class='ocrx_word' id='word_1_395' title='bbox 1357 4602 1475 4654; x_wconf 86' lang='lat' dir='ltr'><strong>columna</strong></span> <span class='ocrx_word' id='word_1_396' title='bbox 1492 4619 1550 4653; x_wconf 89' lang='lat' dir='ltr'><strong>eunr</strong></span> <span class='ocrx_word' id='word_1_397' title='bbox 1565 4600 1624 4652; x_wconf 87' lang='lat' dir='ltr'><strong>tilio.</strong></span> <span class='ocrx_word' id='word_1_398' title='bbox 1638 4600 1700 4666; x_wconf 80' lang='lat' dir='ltr'><strong>Qui.</strong></span> 
     </span>
     <span class='ocr_line' id='line_1_39' title="bbox 416 4693 1619 4762; baseline -0.005 -14"><span class='ocrx_word' id='word_1_399' title='bbox 416 4695 439 4748; x_wconf 85' lang='lat' dir='ltr'><strong>sl</strong></span> <span class='ocrx_word' id='word_1_400' title='bbox 457 4694 570 4754; x_wconf 80' lang='lat' dir='ltr'><strong>risisset,</strong></span> <span class='ocrx_word' id='word_1_401' title='bbox 588 4694 754 4762; x_wconf 70' lang='lat' dir='ltr'><strong>presstrtsser</strong></span> <span class='ocrx_word' id='word_1_402' title='bbox 773 4694 879 4751; x_wconf 71' lang='lat' dir='ltr'><strong>cesarie</strong></span> <span class='ocrx_word' id='word_1_403' title='bbox 896 4693 941 4761; x_wconf 93' lang='lat' dir='ltr'><strong>qui</strong></span> <span class='ocrx_word' id='word_1_404' title='bbox 960 4693 1077 4745; x_wconf 85' lang='lat' dir='ltr'><strong>tribunus</strong></span> <span class='ocrx_word' id='word_1_405' title='bbox 1096 4694 1199 4744; x_wconf 85' lang='lat' dir='ltr'><strong>demum</strong></span> <span class='ocrx_word' id='word_1_406' title='bbox 1217 4711 1233 4745; x_wconf 76' lang='lat' dir='ltr'><strong>n</strong></span> <span class='ocrx_word' id='word_1_407' title='bbox 1251 4693 1461 4745; x_wconf 82' lang='lat' dir='ltr'><strong>columnensilrus</strong></span> <span class='ocrx_word' id='word_1_408' title='bbox 1481 4703 1553 4744; x_wconf 90' lang='lat' dir='ltr'><strong>ustus</strong></span> <span class='ocrx_word' id='word_1_409' title='bbox 1572 4701 1619 4743; x_wconf 83' lang='lat' dir='ltr'><strong>est.</strong></span> 
     </span>
     <span class='ocr_line' id='line_1_40' title="bbox 486 4784 1189 4859; baseline -0.003 -22"><span class='ocrx_word' id='word_1_410' title='bbox 486 4784 532 4859; x_wconf 72' lang='lat' dir='ltr'><strong>[V]</strong></span> <span class='ocrx_word' id='word_1_411' title='bbox 547 4786 684 4837; x_wconf 75' lang='lat' dir='ltr'><strong>Martius:</strong></span> <span class='ocrx_word' id='word_1_412' title='bbox 702 4786 822 4838; x_wconf 79' lang='lat' dir='ltr'><strong>domium</strong></span> <span class='ocrx_word' id='word_1_413' title='bbox 840 4786 985 4855; x_wconf 71' lang='lat' dir='ltr'><strong>Stephanus</strong></span> <span class='ocrx_word' id='word_1_414' title='bbox 1003 4788 1036 4837; x_wconf 87' lang='lat' dir='ltr'><strong>de</strong></span> <span class='ocrx_word' id='word_1_415' title='bbox 1054 4784 1189 4836; x_wconf 65' lang='lat' dir='ltr'><strong>Columna·</strong></span> 
     </span>
    </p>
   </div>
   <div class='ocr_carea' id='block_1_4' title="bbox 0 0 2095 5217">
    <p class='ocr_par' dir='ltr' id='par_1_9' title="bbox 0 0 2095 5217">
     <span class='ocr_line' id='line_1_41' title="bbox 0 0 2095 5217; baseline 0 0"><span class='ocrx_word' id='word_1_416' title='bbox 0 0 2095 5217; x_wconf 95' lang='lat' dir='ltr'><strong> </strong></span> 
     </span>
    </p>
   </div>
  </div>
 </body>
</html>
