<?xml version="1.0" encoding="UTF-8"?>
<!DOCTYPE html PUBLIC "-//W3C//DTD XHTML 1.0 Transitional//EN"
    "http://www.w3.org/TR/xhtml1/DTD/xhtml1-transitional.dtd">
<html xmlns="http://www.w3.org/1999/xhtml" xml:lang="en" lang="en">
 <head>
  <title>
</title>
<meta http-equiv="Content-Type" content="text/html;charset=utf-8" />
  <meta name='ocr-system' content='tesseract 3.04.00' />
  <meta name='ocr-capabilities' content='ocr_page ocr_carea ocr_par ocr_line ocrx_word'/>
</head>
<body>
  <div class='ocr_page' id='page_1' title='image "./ilbucolicumcarm00avengoog_0261.png"; bbox 0 0 4125 5217; ppageno 0'>
   <div class='ocr_carea' id='block_1_1' title="bbox 182 668 282 709">
    <p class='ocr_par' dir='ltr' id='par_1_1' title="bbox 182 668 282 709">
     <span class='ocr_line' id='line_1_1' title="bbox 182 668 282 709; baseline -0.02 -1"><span class='ocrx_word' id='word_1_1' title='bbox 182 670 194 697; x_wconf 86' lang='lat'>&#39;·</span> <span class='ocrx_word' id='word_1_2' title='bbox 210 669 248 709; x_wconf 75' lang='lat'>39·</span> <span class='ocrx_word' id='word_1_3' title='bbox 257 668 282 706; x_wconf 78' lang='lat'>7¹</span> 
     </span>
    </p>
   </div>
   <div class='ocr_carea' id='block_1_2' title="bbox 827 385 1668 462">
    <p class='ocr_par' dir='ltr' id='par_1_2' title="bbox 827 385 1668 462">
     <span class='ocr_line' id='line_1_2' title="bbox 827 385 1668 462; baseline 0.01 -27"><span class='ocrx_word' id='word_1_4' title='bbox 827 385 860 435; x_wconf 85' lang='lat' dir='ltr'>u</span> <span class='ocrx_word' id='word_1_5' title='bbox 882 385 1071 437; x_wconf 81' lang='lat' dir='ltr'>aucotrcuu</span> <span class='ocrx_word' id='word_1_6' title='bbox 1094 389 1225 440; x_wconf 79' lang='lat' dir='ltr'>cauum</span> <span class='ocrx_word' id='word_1_7' title='bbox 1606 391 1668 462; x_wconf 87' lang='lat'>251</span> 
     </span>
    </p>
   </div>
   <div class='ocr_carea' id='block_1_3' title="bbox 387 645 1675 837">
    <p class='ocr_par' dir='ltr' id='par_1_3' title="bbox 387 645 1675 837">
     <span class='ocr_line' id='line_1_3' title="bbox 467 645 1675 737; baseline 0.008 -30"><span class='ocrx_word' id='word_1_8' title='bbox 467 646 541 723; x_wconf 88' lang='lat' dir='ltr'>Quis</span> <span class='ocrx_word' id='word_1_9' title='bbox 560 648 680 730; x_wconf 72' lang='lat' dir='ltr'>queml:</span> <span class='ocrx_word' id='word_1_10' title='bbox 700 645 810 710; x_wconf 82' lang='lat' dir='ltr'>Silvius</span> <span class='ocrx_word' id='word_1_11' title='bbox 832 646 990 730; x_wconf 90' lang='lat' dir='ltr'>respondit.</span> <span class='ocrx_word' id='word_1_12' title='bbox 1013 651 1051 711; x_wconf 80' lang='lat' dir='ltr'>Et</span> <span class='ocrx_word' id='word_1_13' title='bbox 1079 666 1123 711; x_wconf 92' lang='lat' dir='ltr'>est</span> <span class='ocrx_word' id='word_1_14' title='bbox 1151 651 1256 712; x_wconf 90' lang='lat' dir='ltr'>tertius</span> <span class='ocrx_word' id='word_1_15' title='bbox 1283 649 1431 735; x_wconf 80' lang='lat' dir='ltr'>dyalogus</span> <span class='ocrx_word' id='word_1_16' title='bbox 1458 651 1547 715; x_wconf 84' lang='lat' dir='ltr'>buius</span> <span class='ocrx_word' id='word_1_17' title='bbox 1568 653 1675 737; x_wconf 83' lang='lat' dir='ltr'>egloge</span> 
     </span>
     <span class='ocr_line' id='line_1_4' title="bbox 387 744 1674 837; baseline 0.008 -30"><span class='ocrx_word' id='word_1_18' title='bbox 387 760 417 808; x_wconf 93' lang='lat' dir='ltr'>et</span> <span class='ocrx_word' id='word_1_19' title='bbox 438 747 610 829; x_wconf 87' lang='lat' dir='ltr'>interrogat,</span> <span class='ocrx_word' id='word_1_20' title='bbox 630 747 696 831; x_wconf 90' lang='lat' dir='ltr'>quis</span> <span class='ocrx_word' id='word_1_21' title='bbox 717 747 755 808; x_wconf 90' lang='lat' dir='ltr'>sit</span> <span class='ocrx_word' id='word_1_22' title='bbox 781 744 830 808; x_wconf 93' lang='lat' dir='ltr'>ille</span> <span class='ocrx_word' id='word_1_23' title='bbox 859 761 967 829; x_wconf 89' lang='lat' dir='ltr'>pastor.</span> <span class='ocrx_word' id='word_1_24' title='bbox 988 782 1008 795; x_wconf 90' lang='lat'>-</span> <span class='ocrx_word' id='word_1_25' title='bbox 1030 748 1156 811; x_wconf 82' lang='lat' dir='ltr'>Audisti.</span> <span class='ocrx_word' id='word_1_26' title='bbox 1179 750 1327 814; x_wconf 77' lang='lat' dir='ltr'>Describit</span> <span class='ocrx_word' id='word_1_27' title='bbox 1349 750 1450 814; x_wconf 89' lang='lat' dir='ltr'>lucum</span> <span class='ocrx_word' id='word_1_28' title='bbox 1470 755 1594 836; x_wconf 86' lang='lat' dir='ltr'>originis</span> <span class='ocrx_word' id='word_1_29' title='bbox 1617 776 1674 837; x_wconf 91' lang='lat' dir='ltr'>pa·</span> 
     </span>
    </p>
   </div>
   <div class='ocr_carea' id='block_1_4' title="bbox 361 844 1675 940">
    <p class='ocr_par' dir='ltr' id='par_1_4' title="bbox 361 844 1675 940">
     <span class='ocr_line' id='line_1_5' title="bbox 361 844 1675 940; baseline 0.007 -33"><span class='ocrx_word' id='word_1_30' title='bbox 361 859 363 865; x_wconf 84' lang='lat'>&#39;</span> <span class='ocrx_word' id='word_1_31' title='bbox 388 845 527 921; x_wconf 89' lang='lat' dir='ltr'>storibus,</span> <span class='ocrx_word' id='word_1_32' title='bbox 547 866 599 908; x_wconf 91' lang='lat' dir='ltr'>seu</span> <span class='ocrx_word' id='word_1_33' title='bbox 619 844 699 930; x_wconf 91' lang='lat' dir='ltr'>quod</span> <span class='ocrx_word' id='word_1_34' title='bbox 720 846 816 908; x_wconf 84' lang='lat' dir='ltr'>Dauid</span> <span class='ocrx_word' id='word_1_35' title='bbox 837 862 924 907; x_wconf 87' lang='lat' dir='ltr'>natus</span> <span class='ocrx_word' id='word_1_36' title='bbox 945 861 990 909; x_wconf 93' lang='lat' dir='ltr'>est</span> <span class='ocrx_word' id='word_1_37' title='bbox 1011 849 1041 908; x_wconf 92' lang='lat' dir='ltr'>in</span> <span class='ocrx_word' id='word_1_38' title='bbox 1064 850 1189 932; x_wconf 75' lang='lat' dir='ltr'>ligipto3</span> <span class='ocrx_word' id='word_1_39' title='bbox 1204 864 1233 911; x_wconf 94' lang='lat' dir='ltr'>et</span> <span class='ocrx_word' id='word_1_40' title='bbox 1247 849 1389 913; x_wconf 79' lang='lat' dir='ltr'>describit</span> <span class='ocrx_word' id='word_1_41' title='bbox 1403 867 1536 915; x_wconf 90' lang='lat' dir='ltr'>montem</span> <span class='ocrx_word' id='word_1_42' title='bbox 1558 873 1593 915; x_wconf 83' lang='lat' dir='ltr'>ex</span> <span class='ocrx_word' id='word_1_43' title='bbox 1615 875 1675 940; x_wconf 93' lang='lat' dir='ltr'>quo</span> 
     </span>
    </p>
   </div>
   <div class='ocr_carea' id='block_1_5' title="bbox 390 943 1683 2626">
    <p class='ocr_par' dir='ltr' id='par_1_5' title="bbox 390 943 1679 1628">
     <span class='ocr_line' id='line_1_6' title="bbox 390 943 1676 1035; baseline 0.007 -28"><span class='ocrx_word' id='word_1_44' title='bbox 390 943 520 1007; x_wconf 89' lang='lat' dir='ltr'>iordanis</span> <span class='ocrx_word' id='word_1_45' title='bbox 540 943 647 1007; x_wconf 78' lang='lat' dir='ltr'>fluuius</span> <span class='ocrx_word' id='word_1_46' title='bbox 668 946 817 1021; x_wconf 86' lang='lat' dir='ltr'>nascitur;</span> <span class='ocrx_word' id='word_1_47' title='bbox 837 946 917 1029; x_wconf 90' lang='lat' dir='ltr'>quod</span> <span class='ocrx_word' id='word_1_48' title='bbox 939 968 975 1009; x_wconf 81' lang='lat' dir='ltr'>es</span> <span class='ocrx_word' id='word_1_49' title='bbox 997 946 1110 1009; x_wconf 89' lang='lat' dir='ltr'>duabus</span> <span class='ocrx_word' id='word_1_50' title='bbox 1132 947 1264 1011; x_wconf 86' lang='lat' dir='ltr'>sontibus</span> <span class='ocrx_word' id='word_1_51' title='bbox 1284 948 1375 1013; x_wconf 87' lang='lat' dir='ltr'>habet</span> <span class='ocrx_word' id='word_1_52' title='bbox 1395 952 1554 1035; x_wconf 81' lang='lat' dir='ltr'><strong>originem,</strong></span> <span class='ocrx_word' id='word_1_53' title='bbox 1570 973 1605 1014; x_wconf 82' lang='lat' dir='ltr'>ex</span> <span class='ocrx_word' id='word_1_54' title='bbox 1628 957 1676 1016; x_wconf 91' lang='lat' dir='ltr'>lor</span> 
     </span>
     <span class='ocr_line' id='line_1_7' title="bbox 390 1044 1676 1132; baseline 0.007 -26"><span class='ocrx_word' id='word_1_55' title='bbox 390 1060 419 1107; x_wconf 90' lang='lat' dir='ltr'>et</span> <span class='ocrx_word' id='word_1_56' title='bbox 440 1048 515 1119; x_wconf 85' lang='lat' dir='ltr'>Dan,</span> <span class='ocrx_word' id='word_1_57' title='bbox 536 1044 615 1106; x_wconf 92' lang='lat' dir='ltr'>unde</span> <span class='ocrx_word' id='word_1_58' title='bbox 637 1044 775 1106; x_wconf 87' lang='lat' dir='ltr'>iordanis.</span> <span class='ocrx_word' id='word_1_59' title='bbox 797 1079 817 1093; x_wconf 89' lang='lat'><em>-</em></span> <span class='ocrx_word' id='word_1_60' title='bbox 837 1055 909 1129; x_wconf 82' lang='lat' dir='ltr'>puer</span> <span class='ocrx_word' id='word_1_61' title='bbox 922 1046 1053 1130; x_wconf 81' lang='lat' dir='ltr'>ispidus:</span> <span class='ocrx_word' id='word_1_62' title='bbox 1076 1047 1214 1111; x_wconf 87' lang='lat' dir='ltr'>iohannis</span> <span class='ocrx_word' id='word_1_63' title='bbox 1231 1048 1358 1132; x_wconf 82' lang='lat' dir='ltr'>baptista</span> <span class='ocrx_word' id='word_1_64' title='bbox 1373 1052 1437 1113; x_wconf 90' lang='lat' dir='ltr'>siue</span> <span class='ocrx_word' id='word_1_65' title='bbox 1453 1052 1585 1129; x_wconf 84' lang='lat' dir='ltr'>macula3</span> <span class='ocrx_word' id='word_1_66' title='bbox 1600 1053 1676 1115; x_wconf 91' lang='lat' dir='ltr'>idest</span> 
     </span>
     <span class='ocr_line' id='line_1_8' title="bbox 391 1143 1677 1231; baseline 0.007 -25"><span class='ocrx_word' id='word_1_67' title='bbox 391 1164 462 1228; x_wconf 91' lang='lat' dir='ltr'>puer</span> <span class='ocrx_word' id='word_1_68' title='bbox 482 1143 624 1227; x_wconf 87' lang='lat' dir='ltr'>hispidus,</span> <span class='ocrx_word' id='word_1_69' title='bbox 644 1144 712 1226; x_wconf 85' lang='lat' dir='ltr'>quia</span> <span class='ocrx_word' id='word_1_70' title='bbox 732 1144 763 1206; x_wconf 90' lang='lat' dir='ltr'>in</span> <span class='ocrx_word' id='word_1_71' title='bbox 785 1163 827 1222; x_wconf 73' lang='lat' dir='ltr'>vr]</span> <span class='ocrx_word' id='word_1_72' title='bbox 850 1145 945 1221; x_wconf 81' lang='lat' dir='ltr'>anatis,</span> <span class='ocrx_word' id='word_1_73' title='bbox 967 1145 1119 1228; x_wconf 85' lang='lat' dir='ltr'>predicans</span> <span class='ocrx_word' id='word_1_74' title='bbox 1145 1150 1350 1231; x_wconf 80' lang='lat' dir='ltr'>penitentiam,</span> <span class='ocrx_word' id='word_1_75' title='bbox 1378 1148 1528 1213; x_wconf 90' lang='lat' dir='ltr'>desertum</span> <span class='ocrx_word' id='word_1_76' title='bbox 1557 1153 1677 1215; x_wconf 78' lang='lat' dir='ltr'>intrauit</span> 
     </span>
     <span class='ocr_line' id='line_1_9' title="bbox 390 1242 1678 1335; baseline 0.005 -28"><span class='ocrx_word' id='word_1_77' title='bbox 390 1259 420 1307; x_wconf 89' lang='lat' dir='ltr'>et</span> <span class='ocrx_word' id='word_1_78' title='bbox 440 1243 565 1328; x_wconf 90' lang='lat' dir='ltr'>pellibus</span> <span class='ocrx_word' id='word_1_79' title='bbox 592 1242 777 1306; x_wconf 76' lang='lat' dir='ltr'>induebatur.</span> <span class='ocrx_word' id='word_1_80' title='bbox 798 1278 818 1292; x_wconf 90' lang='lat'><strong>·</strong></span> <span class='ocrx_word' id='word_1_81' title='bbox 839 1244 962 1306; x_wconf 73' lang='lat' dir='ltr'>numiui:</span> <span class='ocrx_word' id='word_1_82' title='bbox 991 1243 1064 1306; x_wconf 93' lang='lat' dir='ltr'>olim</span> <span class='ocrx_word' id='word_1_83' title='bbox 1091 1247 1122 1309; x_wconf 93' lang='lat' dir='ltr'>in</span> <span class='ocrx_word' id='word_1_84' title='bbox 1150 1246 1202 1310; x_wconf 93' lang='lat' dir='ltr'>illo</span> <span class='ocrx_word' id='word_1_85' title='bbox 1231 1243 1354 1310; x_wconf 76' lang='lat' dir='ltr'>flumin&#39;e&#39;</span> <span class='ocrx_word' id='word_1_86' title='bbox 1383 1248 1522 1313; x_wconf 83' lang='lat' dir='ltr'>lobannis</span> <span class='ocrx_word' id='word_1_87' title='bbox 1546 1249 1678 1335; x_wconf 82' lang='lat' dir='ltr'>&#39;baptista</span> 
     </span>
     <span class='ocr_line' id='line_1_10' title="bbox 391 1341 1679 1428; baseline 0.006 -23"><span class='ocrx_word' id='word_1_88' title='bbox 391 1342 462 1406; x_wconf 86' lang='lat' dir='ltr'>lavit</span> <span class='ocrx_word' id='word_1_89' title='bbox 482 1346 616 1419; x_wconf 88' lang='lat' dir='ltr'>eristum,</span> <span class='ocrx_word' id='word_1_90' title='bbox 637 1364 725 1428; x_wconf 85' lang='lat' dir='ltr'>quern</span> <span class='ocrx_word' id='word_1_91' title='bbox 746 1341 904 1426; x_wconf 80' lang='lat' dir='ltr'>apollinem</span> <span class='ocrx_word' id='word_1_92' title='bbox 927 1345 1076 1427; x_wconf 75' lang='lat' dir='ltr'>sapienter</span> <span class='ocrx_word' id='word_1_93' title='bbox 1095 1346 1176 1409; x_wconf 90' lang='lat' dir='ltr'>dicit.</span> <span class='ocrx_word' id='word_1_94' title='bbox 1198 1381 1218 1394; x_wconf 92' lang='lat'>-</span> <span class='ocrx_word' id='word_1_95' title='bbox 1239 1348 1390 1410; x_wconf 74' lang='lat' dir='ltr'>risurum:</span> <span class='ocrx_word' id='word_1_96' title='bbox 1407 1349 1548 1412; x_wconf 89' lang='lat' dir='ltr'>Iordanus</span> <span class='ocrx_word' id='word_1_97' title='bbox 1570 1349 1679 1414; x_wconf 92' lang='lat' dir='ltr'>labitur</span> 
     </span>
     <span class='ocr_line' id='line_1_11' title="bbox 391 1442 1679 1528; baseline 0.005 -23"><span class='ocrx_word' id='word_1_98' title='bbox 391 1464 443 1528; x_wconf 91' lang='lat' dir='ltr'>per</span> <span class='ocrx_word' id='word_1_99' title='bbox 464 1445 614 1527; x_wconf 86' lang='lat' dir='ltr'>regionem</span> <span class='ocrx_word' id='word_1_100' title='bbox 636 1442 849 1527; x_wconf 82' lang='lat' dir='ltr'>penthapolirn,</span> <span class='ocrx_word' id='word_1_101' title='bbox 872 1442 921 1506; x_wconf 91' lang='lat' dir='ltr'>ubi</span> <span class='ocrx_word' id='word_1_102' title='bbox 943 1443 1062 1507; x_wconf 85' lang='lat' dir='ltr'>luerunt</span> <span class='ocrx_word' id='word_1_103' title='bbox 1082 1447 1218 1509; x_wconf 86' lang='lat' dir='ltr'>ciuitates</span> <span class='ocrx_word' id='word_1_104' title='bbox 1240 1446 1368 1509; x_wconf 87' lang='lat' dir='ltr'>Sodama</span> <span class='ocrx_word' id='word_1_105' title='bbox 1384 1464 1413 1510; x_wconf 91' lang='lat' dir='ltr'>et</span> <span class='ocrx_word' id='word_1_106' title='bbox 1436 1451 1580 1512; x_wconf 69' lang='lat' dir='ltr'>Cessatorra</span> <span class='ocrx_word' id='word_1_107' title='bbox 1599 1470 1679 1513; x_wconf 91' lang='lat' dir='ltr'>com·</span> 
     </span>
     <span class='ocr_line' id='line_1_12' title="bbox 392 1542 1064 1628; baseline -0.003 -21"><span class='ocrx_word' id='word_1_108' title='bbox 392 1542 477 1607; x_wconf 90' lang='lat' dir='ltr'>buste</span> <span class='ocrx_word' id='word_1_109' title='bbox 497 1542 549 1606; x_wconf 84' lang='lat' dir='ltr'>dei</span> <span class='ocrx_word' id='word_1_110' title='bbox 567 1544 685 1620; x_wconf 86' lang='lat' dir='ltr'>iudicio,</span> <span class='ocrx_word' id='word_1_111' title='bbox 707 1544 807 1607; x_wconf 83' lang='lat' dir='ltr'>Saloni</span> <span class='ocrx_word' id='word_1_112' title='bbox 830 1559 860 1606; x_wconf 92' lang='lat' dir='ltr'>et</span> <span class='ocrx_word' id='word_1_113' title='bbox 881 1547 980 1627; x_wconf 85' lang='lat' dir='ltr'>Segun</span> <span class='ocrx_word' id='word_1_114' title='bbox 1002 1544 1017 1626; x_wconf 93' lang='lat'>(</span> <span class='ocrx_word' id='word_1_115' title='bbox 1039 1545 1064 1628; x_wconf 93' lang='lat'>).</span> 
     </span>
    </p>

    <p class='ocr_par' dir='ltr' id='par_1_6' title="bbox 390 1644 1683 2626">
     <span class='ocr_line' id='line_1_13' title="bbox 470 1644 1678 1733; baseline 0.003 -26"><span class='ocrx_word' id='word_1_116' title='bbox 470 1644 632 1708; x_wconf 83' lang='lat' dir='ltr'>Ierosuliuu</span> <span class='ocrx_word' id='word_1_117' title='bbox 649 1653 761 1730; x_wconf 76' lang='lat' dir='ltr'>parve:</span> <span class='ocrx_word' id='word_1_118' title='bbox 783 1644 898 1729; x_wconf 79' lang='lat' dir='ltr'>Duplex</span> <span class='ocrx_word' id='word_1_119' title='bbox 914 1659 959 1707; x_wconf 91' lang='lat' dir='ltr'>est</span> <span class='ocrx_word' id='word_1_120' title='bbox 973 1646 1077 1707; x_wconf 87' lang='lat' dir='ltr'>civitas</span> <span class='ocrx_word' id='word_1_121' title='bbox 1093 1646 1274 1722; x_wconf 91' lang='lat' dir='ltr'>lerosolima,</span> <span class='ocrx_word' id='word_1_122' title='bbox 1289 1667 1342 1708; x_wconf 92' lang='lat' dir='ltr'>seu</span> <span class='ocrx_word' id='word_1_123' title='bbox 1356 1646 1474 1710; x_wconf 88' lang='lat' dir='ltr'>celestis</span> <span class='ocrx_word' id='word_1_124' title='bbox 1489 1647 1678 1733; x_wconf 80' lang='lat' dir='ltr'>yerosolima,</span> 
     </span>
     <span class='ocr_line' id='line_1_14' title="bbox 390 1742 1680 1829; baseline 0.001 -20"><span class='ocrx_word' id='word_1_125' title='bbox 390 1742 442 1809; x_wconf 91' lang='lat' dir='ltr'>ubi</span> <span class='ocrx_word' id='word_1_126' title='bbox 462 1759 507 1807; x_wconf 92' lang='lat' dir='ltr'>est</span> <span class='ocrx_word' id='word_1_127' title='bbox 527 1742 650 1807; x_wconf 86' lang='lat' dir='ltr'>ecclesia</span> <span class='ocrx_word' id='word_1_128' title='bbox 672 1743 866 1827; x_wconf 90' lang='lat' dir='ltr'>triumphans,</span> <span class='ocrx_word' id='word_1_129' title='bbox 888 1758 917 1805; x_wconf 91' lang='lat' dir='ltr'>et</span> <span class='ocrx_word' id='word_1_130' title='bbox 939 1745 1083 1806; x_wconf 88' lang='lat' dir='ltr'>terrestris</span> <span class='ocrx_word' id='word_1_131' title='bbox 1105 1744 1296 1828; x_wconf 82' lang='lat' dir='ltr'>yerosolima,</span> <span class='ocrx_word' id='word_1_132' title='bbox 1313 1745 1350 1807; x_wconf 92' lang='lat' dir='ltr'>de</span> <span class='ocrx_word' id='word_1_133' title='bbox 1371 1746 1478 1829; x_wconf 91' lang='lat' dir='ltr'>quibus</span> <span class='ocrx_word' id='word_1_134' title='bbox 1501 1762 1531 1809; x_wconf 92' lang='lat' dir='ltr'>et</span> <span class='ocrx_word' id='word_1_135' title='bbox 1551 1750 1680 1811; x_wconf 82' lang='lat' dir='ltr'>maxime</span> 
     </span>
     <span class='ocr_line' id='line_1_15' title="bbox 393 1842 1681 1927; baseline 0.002 -18"><span class='ocrx_word' id='word_1_136' title='bbox 393 1846 430 1910; x_wconf 88' lang='lat' dir='ltr'>de</span> <span class='ocrx_word' id='word_1_137' title='bbox 451 1846 581 1909; x_wconf 83' lang='lat' dir='ltr'>terrestri</span> <span class='ocrx_word' id='word_1_138' title='bbox 602 1843 687 1906; x_wconf 80' lang='lat' dir='ltr'>dauid</span> <span class='ocrx_word' id='word_1_139' title='bbox 709 1844 739 1905; x_wconf 93' lang='lat' dir='ltr'>in</span> <span class='ocrx_word' id='word_1_140' title='bbox 761 1842 881 1927; x_wconf 86' lang='lat' dir='ltr'>psalmis</span> <span class='ocrx_word' id='word_1_141' title='bbox 908 1863 978 1927; x_wconf 89' lang='lat' dir='ltr'>sepe</span> <span class='ocrx_word' id='word_1_142' title='bbox 998 1845 1181 1906; x_wconf 90' lang='lat' dir='ltr'>mentionem</span> <span class='ocrx_word' id='word_1_143' title='bbox 1210 1844 1290 1920; x_wconf 86' lang='lat' dir='ltr'>lacit,</span> <span class='ocrx_word' id='word_1_144' title='bbox 1312 1860 1341 1908; x_wconf 92' lang='lat' dir='ltr'>et</span> <span class='ocrx_word' id='word_1_145' title='bbox 1370 1844 1564 1910; x_wconf 86' lang='lat' dir='ltr'>illacrimatur</span> <span class='ocrx_word' id='word_1_146' title='bbox 1589 1849 1616 1911; x_wconf 90' lang='lat' dir='ltr'>ei</span> <span class='ocrx_word' id='word_1_147' title='bbox 1643 1848 1681 1911; x_wconf 88' lang='lat' dir='ltr'>ad</span> 
     </span>
     <span class='ocr_line' id='line_1_16' title="bbox 391 1944 1680 2031; baseline 0.001 -22"><span class='ocrx_word' id='word_1_148' title='bbox 391 1944 573 2009; x_wconf 80' lang='lat' dir='ltr'>mundanam</span> <span class='ocrx_word' id='word_1_149' title='bbox 594 1959 760 2027; x_wconf 83' lang='lat' dir='ltr'>respectans</span> <span class='ocrx_word' id='word_1_150' title='bbox 781 1945 951 2020; x_wconf 82' lang='lat' dir='ltr'>miseriam3</span> <span class='ocrx_word' id='word_1_151' title='bbox 973 1959 1003 2006; x_wconf 91' lang='lat' dir='ltr'>et</span> <span class='ocrx_word' id='word_1_152' title='bbox 1024 1944 1067 2006; x_wconf 89' lang='lat' dir='ltr'>sic</span> <span class='ocrx_word' id='word_1_153' title='bbox 1088 1945 1151 2006; x_wconf 87' lang='lat' dir='ltr'>eius</span> <span class='ocrx_word' id='word_1_154' title='bbox 1172 1945 1305 2007; x_wconf 83' lang='lat' dir='ltr'>carmina</span> <span class='ocrx_word' id='word_1_155' title='bbox 1321 1965 1374 2028; x_wconf 91' lang='lat' dir='ltr'>pro</span> <span class='ocrx_word' id='word_1_156' title='bbox 1396 1962 1517 2030; x_wconf 89' lang='lat' dir='ltr'>aspectu</span> <span class='ocrx_word' id='word_1_157' title='bbox 1539 1968 1598 2010; x_wconf 91' lang='lat' dir='ltr'>non</span> <span class='ocrx_word' id='word_1_158' title='bbox 1620 1947 1680 2031; x_wconf 89' lang='lat' dir='ltr'>pla·</span> 
     </span>
     <span class='ocr_line' id='line_1_17' title="bbox 392 2043 1681 2129; baseline 0.002 -21"><span class='ocrx_word' id='word_1_159' title='bbox 392 2058 460 2110; x_wconf 87' lang='lat' dir='ltr'>cent</span> <span class='ocrx_word' id='word_1_160' title='bbox 481 2045 557 2108; x_wconf 89' lang='lat' dir='ltr'>sicut</span> <span class='ocrx_word' id='word_1_161' title='bbox 578 2044 709 2105; x_wconf 84' lang='lat' dir='ltr'>earmina</span> <span class='ocrx_word' id='word_1_162' title='bbox 731 2058 896 2126; x_wconf 86' lang='lat' dir='ltr'>poetarum.</span> <span class='ocrx_word' id='word_1_163' title='bbox 917 2078 937 2089; x_wconf 94' lang='lat'><em>-</em></span> <span class='ocrx_word' id='word_1_164' title='bbox 955 2051 1069 2128; x_wconf 77' lang='lat' dir='ltr'>parve:</span> <span class='ocrx_word' id='word_1_165' title='bbox 1090 2044 1179 2105; x_wconf 85' lang='lat' dir='ltr'>etiam</span> <span class='ocrx_word' id='word_1_166' title='bbox 1202 2043 1344 2128; x_wconf 84' lang='lat' dir='ltr'>iutelligit</span> <span class='ocrx_word' id='word_1_167' title='bbox 1366 2061 1500 2127; x_wconf 87' lang='lat' dir='ltr'>respectu</span> <span class='ocrx_word' id='word_1_168' title='bbox 1524 2048 1681 2129; x_wconf 90' lang='lat' dir='ltr'>superioris</span> 
     </span>
     <span class='ocr_line' id='line_1_18' title="bbox 394 2143 1681 2228; baseline -0.001 -19"><span class='ocrx_word' id='word_1_169' title='bbox 394 2146 522 2210; x_wconf 85' lang='lat' dir='ltr'>civitatis</span> <span class='ocrx_word' id='word_1_170' title='bbox 543 2144 668 2208; x_wconf 91' lang='lat' dir='ltr'>celestis.</span> <span class='ocrx_word' id='word_1_171' title='bbox 689 2178 710 2191; x_wconf 89' lang='lat'>-</span> <span class='ocrx_word' id='word_1_172' title='bbox 731 2163 855 2205; x_wconf 75' lang='lat' dir='ltr'>roricus:</span> <span class='ocrx_word' id='word_1_173' title='bbox 876 2144 945 2228; x_wconf 85' lang='lat' dir='ltr'>quia</span> <span class='ocrx_word' id='word_1_174' title='bbox 967 2163 1027 2205; x_wconf 90' lang='lat' dir='ltr'>uon</span> <span class='ocrx_word' id='word_1_175' title='bbox 1048 2143 1176 2206; x_wconf 87' lang='lat' dir='ltr'>heroicis</span> <span class='ocrx_word' id='word_1_176' title='bbox 1198 2143 1332 2206; x_wconf 83' lang='lat' dir='ltr'>versibus</span> <span class='ocrx_word' id='word_1_177' title='bbox 1359 2160 1389 2207; x_wconf 93' lang='lat' dir='ltr'>et</span> <span class='ocrx_word' id='word_1_178' title='bbox 1409 2144 1554 2207; x_wconf 88' lang='lat' dir='ltr'>dulcibus.</span> <span class='ocrx_word' id='word_1_179' title='bbox 1577 2182 1596 2194; x_wconf 94' lang='lat'>-</span> <span class='ocrx_word' id='word_1_180' title='bbox 1618 2148 1681 2209; x_wconf 81' lang='lat' dir='ltr'>Hi.-</span> 
     </span>
     <span class='ocr_line' id='line_1_19' title="bbox 395 2242 1682 2329; baseline 0.001 -22"><span class='ocrx_word' id='word_1_181' title='bbox 395 2243 538 2329; x_wconf 88' lang='lat' dir='ltr'>Vir&#39;gilius</span> <span class='ocrx_word' id='word_1_182' title='bbox 560 2259 590 2306; x_wconf 93' lang='lat' dir='ltr'>et</span> <span class='ocrx_word' id='word_1_183' title='bbox 610 2242 758 2306; x_wconf 88' lang='lat' dir='ltr'>homerus.</span> <span class='ocrx_word' id='word_1_184' title='bbox 781 2278 801 2291; x_wconf 94' lang='lat'><em>-</em></span> <span class='ocrx_word' id='word_1_185' title='bbox 822 2244 960 2305; x_wconf 81' lang='lat' dir='ltr'>llournur:</span> <span class='ocrx_word' id='word_1_186' title='bbox 981 2242 1135 2320; x_wconf 84' lang='lat' dir='ltr'>Eneidem,</span> <span class='ocrx_word' id='word_1_187' title='bbox 1158 2244 1312 2328; x_wconf 83' lang='lat' dir='ltr'>Virgilius.</span> <span class='ocrx_word' id='word_1_188' title='bbox 1340 2278 1361 2291; x_wconf 91' lang='lat'>-</span> <span class='ocrx_word' id='word_1_189' title='bbox 1385 2243 1513 2306; x_wconf 81' lang='lat' dir='ltr'>Troiam.</span> <span class='ocrx_word' id='word_1_190' title='bbox 1536 2245 1682 2323; x_wconf 85' lang='lat' dir='ltr'>l&#39;liadem,</span> 
     </span>
     <span class='ocr_line' id='line_1_20' title="bbox 396 2344 1682 2427; baseline -0.002 -19"><span class='ocrx_word' id='word_1_191' title='bbox 396 2346 552 2409; x_wconf 87' lang='lat' dir='ltr'>Homerus.</span> <span class='ocrx_word' id='word_1_192' title='bbox 574 2379 594 2392; x_wconf 91' lang='lat'><strong>·</strong></span> <span class='ocrx_word' id='word_1_193' title='bbox 620 2345 744 2427; x_wconf 80' lang='lat' dir='ltr'>Regum:</span> <span class='ocrx_word' id='word_1_194' title='bbox 773 2344 973 2407; x_wconf 86' lang='lat' dir='ltr'>Troianorum</span> <span class='ocrx_word' id='word_1_195' title='bbox 1000 2357 1030 2405; x_wconf 90' lang='lat' dir='ltr'>et</span> <span class='ocrx_word' id='word_1_196' title='bbox 1058 2363 1215 2426; x_wconf 80' lang='lat' dir='ltr'>grecorum</span> <span class='ocrx_word' id='word_1_197' title='bbox 1244 2358 1274 2406; x_wconf 91' lang='lat' dir='ltr'>et</span> <span class='ocrx_word' id='word_1_198' title='bbox 1304 2363 1504 2406; x_wconf 90' lang='lat' dir='ltr'>romanorum.</span> <span class='ocrx_word' id='word_1_199' title='bbox 1533 2380 1553 2391; x_wconf 98' lang='lat'>-</span> <span class='ocrx_word' id='word_1_200' title='bbox 1580 2344 1682 2407; x_wconf 66' lang='lat' dir='ltr'>riolos:</span> 
     </span>
     <span class='ocr_line' id='line_1_21' title="bbox 396 2441 1682 2528; baseline -0.002 -20"><span class='ocrx_word' id='word_1_201' title='bbox 396 2444 640 2528; x_wconf 78' lang='lat' dir='ltr'>Agamemnonis,</span> <span class='ocrx_word' id='word_1_202' title='bbox 662 2441 798 2506; x_wconf 86' lang='lat' dir='ltr'>Menelai.</span> <span class='ocrx_word' id='word_1_203' title='bbox 827 2478 847 2490; x_wconf 93' lang='lat'><em>-</em></span> <span class='ocrx_word' id='word_1_204' title='bbox 874 2446 988 2505; x_wconf 80' lang='lat' dir='ltr'>Amor.-</span> <span class='ocrx_word' id='word_1_205' title='bbox 1016 2443 1151 2519; x_wconf 89' lang='lat' dir='ltr'>Didonis,</span> <span class='ocrx_word' id='word_1_206' title='bbox 1181 2441 1332 2518; x_wconf 68' lang='lat' dir='ltr'>Politene</span> <span class='ocrx_word' id='word_1_207' title='bbox 1361 2442 1483 2505; x_wconf 88' lang='lat' dir='ltr'>Helene.</span> <span class='ocrx_word' id='word_1_208' title='bbox 1512 2478 1532 2489; x_wconf 98' lang='lat'>-</span> <span class='ocrx_word' id='word_1_209' title='bbox 1557 2441 1682 2527; x_wconf 79' lang='lat' dir='ltr'>fluctus.-</span> 
     </span>
     <span class='ocr_line' id='line_1_22' title="bbox 397 2541 1683 2626; baseline -0.004 -18"><span class='ocrx_word' id='word_1_210' title='bbox 397 2541 492 2608; x_wconf 82' lang='lat' dir='ltr'>Ulinis</span> <span class='ocrx_word' id='word_1_211' title='bbox 513 2558 543 2607; x_wconf 90' lang='lat' dir='ltr'>et</span> <span class='ocrx_word' id='word_1_212' title='bbox 565 2546 653 2606; x_wconf 83' lang='lat' dir='ltr'>Enee.</span> <span class='ocrx_word' id='word_1_213' title='bbox 675 2577 694 2590; x_wconf 93' lang='lat'>-</span> <span class='ocrx_word' id='word_1_214' title='bbox 714 2544 848 2606; x_wconf 84' lang='lat' dir='ltr'>sortitos:</span> <span class='ocrx_word' id='word_1_215' title='bbox 869 2544 938 2626; x_wconf 86' lang='lat' dir='ltr'>quia</span> <span class='ocrx_word' id='word_1_216' title='bbox 959 2543 1120 2605; x_wconf 91' lang='lat' dir='ltr'>ostendunt</span> <span class='ocrx_word' id='word_1_217' title='bbox 1142 2546 1255 2618; x_wconf 80' lang='lat' dir='ltr'>locem,</span> <span class='ocrx_word' id='word_1_218' title='bbox 1270 2546 1445 2624; x_wconf 91' lang='lat' dir='ltr'>Neptunum</span> <span class='ocrx_word' id='word_1_219' title='bbox 1468 2557 1496 2605; x_wconf 92' lang='lat' dir='ltr'>et</span> <span class='ocrx_word' id='word_1_220' title='bbox 1519 2542 1683 2625; x_wconf 89' lang='lat' dir='ltr'>plutonem,</span> 
     </span>
    </p>
   </div>
   <div class='ocr_carea' id='block_1_6' title="bbox 381 2642 1685 3328">
    <p class='ocr_par' dir='ltr' id='par_1_7' title="bbox 381 2642 1685 3328">
     <span class='ocr_line' id='line_1_23' title="bbox 395 2642 1683 2727; baseline 0 -22"><span class='ocrx_word' id='word_1_221' title='bbox 395 2642 498 2706; x_wconf 80' lang='lat' dir='ltr'>fratres</span> <span class='ocrx_word' id='word_1_222' title='bbox 519 2658 548 2706; x_wconf 95' lang='lat' dir='ltr'>et</span> <span class='ocrx_word' id='word_1_223' title='bbox 570 2644 688 2707; x_wconf 90' lang='lat' dir='ltr'>Saturni</span> <span class='ocrx_word' id='word_1_224' title='bbox 710 2642 785 2705; x_wconf 83' lang='lat' dir='ltr'>filios</span> <span class='ocrx_word' id='word_1_225' title='bbox 806 2642 861 2706; x_wconf 90' lang='lat' dir='ltr'>sibi</span> <span class='ocrx_word' id='word_1_226' title='bbox 883 2644 1017 2706; x_wconf 71' lang='lat' dir='ltr'>divisisse</span> <span class='ocrx_word' id='word_1_227' title='bbox 1045 2645 1100 2706; x_wconf 92' lang='lat' dir='ltr'>tria</span> <span class='ocrx_word' id='word_1_228' title='bbox 1130 2664 1240 2727; x_wconf 88' lang='lat' dir='ltr'>regna:</span> <span class='ocrx_word' id='word_1_229' title='bbox 1264 2645 1374 2726; x_wconf 88' lang='lat' dir='ltr'>lupiter</span> <span class='ocrx_word' id='word_1_230' title='bbox 1396 2643 1505 2719; x_wconf 92' lang='lat' dir='ltr'>celum,</span> <span class='ocrx_word' id='word_1_231' title='bbox 1529 2648 1683 2727; x_wconf 77' lang='lat' dir='ltr'>Neptunus</span> 
     </span>
     <span class='ocr_line' id='line_1_24' title="bbox 381 2729 1683 2827; baseline 0.002 -24"><span class='ocrx_word' id='word_1_232' title='bbox 381 2744 499 2821; x_wconf 82' lang='lat' dir='ltr'>maria,</span> <span class='ocrx_word' id='word_1_233' title='bbox 519 2742 607 2807; x_wconf 89' lang='lat' dir='ltr'>Pluto</span> <span class='ocrx_word' id='word_1_234' title='bbox 629 2744 774 2805; x_wconf 83' lang='lat' dir='ltr'>inl&#39;ernum</span> <span class='ocrx_word' id='word_1_235' title='bbox 796 2741 908 2805; x_wconf 84' lang='lat' dir='ltr'>habuit.</span> <span class='ocrx_word' id='word_1_236' title='bbox 929 2778 950 2791; x_wconf 89' lang='lat'>-</span> <span class='ocrx_word' id='word_1_237' title='bbox 964 2742 1096 2827; x_wconf 77' lang='lat' dir='ltr'>facieque</span> <span class='ocrx_word' id='word_1_238' title='bbox 1116 2732 1238 2806; x_wconf 79' lang='lat' dir='ltr'>sereuu:</span> <span class='ocrx_word' id='word_1_239' title='bbox 1265 2729 1347 2827; x_wconf 81' lang='lat' dir='ltr'>quia</span> <span class='ocrx_word' id='word_1_240' title='bbox 1365 2746 1476 2827; x_wconf 88' lang='lat' dir='ltr'>iupiter</span> <span class='ocrx_word' id='word_1_241' title='bbox 1502 2760 1546 2805; x_wconf 92' lang='lat' dir='ltr'>est</span> <span class='ocrx_word' id='word_1_242' title='bbox 1568 2744 1683 2827; x_wconf 79' lang='lat' dir='ltr'>planeta</span> 
     </span>
     <span class='ocr_line' id='line_1_25' title="bbox 397 2842 1683 2927; baseline -0.002 -22"><span class='ocrx_word' id='word_1_243' title='bbox 397 2842 551 2927; x_wconf 89' lang='lat' dir='ltr'>benignus.</span> <span class='ocrx_word' id='word_1_244' title='bbox 572 2877 592 2890; x_wconf 93' lang='lat'>-</span> <span class='ocrx_word' id='word_1_245' title='bbox 614 2842 845 2927; x_wconf 66' lang='lat' dir='ltr'>tridurlrfirum:</span> <span class='ocrx_word' id='word_1_246' title='bbox 867 2864 883 2904; x_wconf 92' lang='lat' dir='ltr'>a</span> <span class='ocrx_word' id='word_1_247' title='bbox 905 2842 1012 2926; x_wconf 92' lang='lat' dir='ltr'>triplici</span> <span class='ocrx_word' id='word_1_248' title='bbox 1034 2862 1177 2926; x_wconf 89' lang='lat' dir='ltr'>aquarum</span> <span class='ocrx_word' id='word_1_249' title='bbox 1200 2844 1391 2927; x_wconf 87' lang='lat' dir='ltr'>proprietate,</span> <span class='ocrx_word' id='word_1_250' title='bbox 1413 2844 1481 2926; x_wconf 91' lang='lat' dir='ltr'>quia</span> <span class='ocrx_word' id='word_1_251' title='bbox 1503 2860 1547 2905; x_wconf 91' lang='lat' dir='ltr'>est</span> <span class='ocrx_word' id='word_1_252' title='bbox 1569 2842 1683 2916; x_wconf 83' lang='lat' dir='ltr'>nabilis,</span> 
     </span>
     <span class='ocr_line' id='line_1_26' title="bbox 397 2940 1683 3027; baseline -0.002 -21"><span class='ocrx_word' id='word_1_253' title='bbox 397 2941 505 3020; x_wconf 90' lang='lat' dir='ltr'>labilis,</span> <span class='ocrx_word' id='word_1_254' title='bbox 527 2958 557 3005; x_wconf 94' lang='lat' dir='ltr'>et</span> <span class='ocrx_word' id='word_1_255' title='bbox 577 2940 724 3025; x_wconf 88' lang='lat' dir='ltr'>potabilis.</span> <span class='ocrx_word' id='word_1_256' title='bbox 745 2977 765 2989; x_wconf 95' lang='lat'>-</span> <span class='ocrx_word' id='word_1_257' title='bbox 785 2942 948 3004; x_wconf 82' lang='lat' dir='ltr'>ceruleum:</span> <span class='ocrx_word' id='word_1_258' title='bbox 970 2942 1093 3004; x_wconf 87' lang='lat' dir='ltr'>uiridem</span> <span class='ocrx_word' id='word_1_259' title='bbox 1116 2941 1248 3005; x_wconf 88' lang='lat' dir='ltr'>acolore</span> <span class='ocrx_word' id='word_1_260' title='bbox 1262 2962 1418 3025; x_wconf 87' lang='lat' dir='ltr'>aquarum.</span> <span class='ocrx_word' id='word_1_261' title='bbox 1441 2978 1460 2990; x_wconf 88' lang='lat'><em>-</em></span> <span class='ocrx_word' id='word_1_262' title='bbox 1482 2943 1594 3004; x_wconf 76' lang='lat' dir='ltr'>urrrlio:</span> <span class='ocrx_word' id='word_1_263' title='bbox 1615 2946 1683 3027; x_wconf 86' lang='lat' dir='ltr'>quia</span> 
     </span>
     <span class='ocr_line' id='line_1_27' title="bbox 397 3029 1684 3125; baseline -0.002 -19"><span class='ocrx_word' id='word_1_264' title='bbox 397 3057 474 3106; x_wconf 84' lang='lat' dir='ltr'>terra</span> <span class='ocrx_word' id='word_1_265' title='bbox 496 3044 526 3105; x_wconf 92' lang='lat' dir='ltr'>in</span> <span class='ocrx_word' id='word_1_266' title='bbox 549 3029 647 3105; x_wconf 85' lang='lat' dir='ltr'>medio</span> <span class='ocrx_word' id='word_1_267' title='bbox 667 3029 810 3125; x_wconf 78' lang='lat' dir='ltr'>aquarum</span> <span class='ocrx_word' id='word_1_268' title='bbox 834 3033 892 3104; x_wconf 84' lang='lat' dir='ltr'>est.</span> <span class='ocrx_word' id='word_1_269' title='bbox 920 3078 940 3089; x_wconf 98' lang='lat'>-</span> <span class='ocrx_word' id='word_1_270' title='bbox 955 3044 1128 3104; x_wconf 77' lang='lat' dir='ltr'>minorem:</span> <span class='ocrx_word' id='word_1_271' title='bbox 1156 3031 1364 3125; x_wconf 65' lang='lat' dir='ltr'>plutonem-2</span> <span class='ocrx_word' id='word_1_272' title='bbox 1386 3033 1482 3104; x_wconf 82' lang='lat' dir='ltr'>lutus.-</span> <span class='ocrx_word' id='word_1_273' title='bbox 1504 3034 1643 3125; x_wconf 87' lang='lat' dir='ltr'>plutonis.</span> <span class='ocrx_word' id='word_1_274' title='bbox 1665 3079 1684 3090; x_wconf 91' lang='lat'><em>-</em></span> 
     </span>
     <span class='ocr_line' id='line_1_28' title="bbox 397 3142 1685 3226; baseline 0 -20"><span class='ocrx_word' id='word_1_275' title='bbox 397 3144 520 3206; x_wconf 81' lang='lat' dir='ltr'>corriuux</span> <span class='ocrx_word' id='word_1_276' title='bbox 531 3161 544 3209; x_wconf 94' lang='lat'>.·</span> <span class='ocrx_word' id='word_1_277' title='bbox 565 3144 747 3226; x_wconf 88' lang='lat' dir='ltr'>Proserpina.</span> <span class='ocrx_word' id='word_1_278' title='bbox 762 3178 782 3189; x_wconf 94' lang='lat'><em>-</em></span> <span class='ocrx_word' id='word_1_279' title='bbox 803 3142 912 3204; x_wconf 79' lang='lat' dir='ltr'>Navita</span> <span class='ocrx_word' id='word_1_280' title='bbox 928 3150 1072 3204; x_wconf 79' lang='lat' dir='ltr'>tartaree:</span> <span class='ocrx_word' id='word_1_281' title='bbox 1093 3143 1205 3205; x_wconf 87' lang='lat' dir='ltr'>charon</span> <span class='ocrx_word' id='word_1_282' title='bbox 1220 3142 1298 3205; x_wconf 90' lang='lat' dir='ltr'>filius</span> <span class='ocrx_word' id='word_1_283' title='bbox 1313 3142 1414 3205; x_wconf 87' lang='lat' dir='ltr'>herebi</span> <span class='ocrx_word' id='word_1_284' title='bbox 1427 3166 1434 3220; x_wconf 92' lang='grc'><strong>;</strong></span> <span class='ocrx_word' id='word_1_285' title='bbox 1451 3163 1502 3226; x_wconf 88' lang='lat' dir='ltr'>per</span> <span class='ocrx_word' id='word_1_286' title='bbox 1515 3144 1685 3207; x_wconf 84' lang='lat' dir='ltr'>Charonem</span> 
     </span>
     <span class='ocr_line' id='line_1_29' title="bbox 398 3241 1684 3328; baseline -0.001 -23"><span class='ocrx_word' id='word_1_287' title='bbox 398 3243 530 3306; x_wconf 84' lang='lat' dir='ltr'>navitam</span> <span class='ocrx_word' id='word_1_288' title='bbox 552 3241 713 3305; x_wconf 83' lang='lat' dir='ltr'>inferorum</span> <span class='ocrx_word' id='word_1_289' title='bbox 734 3242 930 3327; x_wconf 87' lang='lat' dir='ltr'>intelligimus</span> <span class='ocrx_word' id='word_1_290' title='bbox 951 3257 1079 3327; x_wconf 89' lang='lat' dir='ltr'>tempus,</span> <span class='ocrx_word' id='word_1_291' title='bbox 1098 3262 1153 3327; x_wconf 92' lang='lat' dir='ltr'>per</span> <span class='ocrx_word' id='word_1_292' title='bbox 1179 3244 1259 3328; x_wconf 89' lang='lat' dir='ltr'>quod</span> <span class='ocrx_word' id='word_1_293' title='bbox 1287 3242 1323 3304; x_wconf 91' lang='lat' dir='ltr'>ad</span> <span class='ocrx_word' id='word_1_294' title='bbox 1346 3241 1456 3305; x_wconf 87' lang='lat' dir='ltr'>inleros</span> <span class='ocrx_word' id='word_1_295' title='bbox 1478 3242 1633 3318; x_wconf 90' lang='lat' dir='ltr'>ducimur;</span> <span class='ocrx_word' id='word_1_296' title='bbox 1656 3259 1684 3305; x_wconf 89' lang='lat' dir='ltr'>et</span> 
     </span>
    </p>
   </div>
   <div class='ocr_carea' id='block_1_7' title="bbox 396 3653 1686 3903">
    <p class='ocr_par' dir='ltr' id='par_1_8' title="bbox 396 3653 1686 3903">
     <span class='ocr_line' id='line_1_30' title="bbox 469 3653 1686 3725; baseline 0 -19"><span class='ocrx_word' id='word_1_297' title='bbox 469 3657 509 3720; x_wconf 89' lang='grc' dir='ltr'>(ι)</span> <span class='ocrx_word' id='word_1_298' title='bbox 526 3653 582 3725; x_wconf 88' lang='lat' dir='ltr'>[Cr]</span> <span class='ocrx_word' id='word_1_299' title='bbox 601 3656 727 3707; x_wconf 78' lang='lat' dir='ltr'>Audisti:</span> <span class='ocrx_word' id='word_1_300' title='bbox 745 3654 863 3707; x_wconf 80' lang='lat' dir='ltr'>blonicus</span> <span class='ocrx_word' id='word_1_301' title='bbox 882 3655 995 3708; x_wconf 91' lang='lat' dir='ltr'>ostendit</span> <span class='ocrx_word' id='word_1_302' title='bbox 1014 3658 1082 3706; x_wconf 90' lang='lat' dir='ltr'>unde</span> <span class='ocrx_word' id='word_1_303' title='bbox 1101 3656 1148 3706; x_wconf 85' lang='lat' dir='ltr'>l&#39;uit</span> <span class='ocrx_word' id='word_1_304' title='bbox 1167 3672 1229 3707; x_wconf 90' lang='lat' dir='ltr'>suus</span> <span class='ocrx_word' id='word_1_305' title='bbox 1248 3666 1346 3723; x_wconf 77' lang='lat' dir='ltr'>pastor,</span> <span class='ocrx_word' id='word_1_306' title='bbox 1359 3672 1406 3706; x_wconf 89' lang='lat' dir='ltr'>seu</span> <span class='ocrx_word' id='word_1_307' title='bbox 1425 3655 1518 3706; x_wconf 81' lang='lat' dir='ltr'>Dar&#39;d.</span> <span class='ocrx_word' id='word_1_308' title='bbox 1537 3656 1570 3705; x_wconf 83' lang='lat' dir='ltr'>Et</span> <span class='ocrx_word' id='word_1_309' title='bbox 1589 3654 1634 3706; x_wconf 86' lang='lat' dir='ltr'>luit</span> <span class='ocrx_word' id='word_1_310' title='bbox 1653 3657 1686 3706; x_wconf 93' lang='lat' dir='ltr'>de</span> 
     </span>
     <span class='ocr_line' id='line_1_31' title="bbox 397 3744 1686 3812; baseline -0.002 -16"><span class='ocrx_word' id='word_1_311' title='bbox 397 3744 538 3806; x_wconf 74' lang='lat' dir='ltr'>bethelem,</span> <span class='ocrx_word' id='word_1_312' title='bbox 556 3755 640 3796; x_wconf 81' lang='lat' dir='ltr'>oestro</span> <span class='ocrx_word' id='word_1_313' title='bbox 660 3744 738 3796; x_wconf 89' lang='lat' dir='ltr'>ludee</span> <span class='ocrx_word' id='word_1_314' title='bbox 755 3744 783 3795; x_wconf 89' lang='lat' dir='ltr'>iu</span> <span class='ocrx_word' id='word_1_315' title='bbox 802 3753 916 3796; x_wconf 75' lang='lat' dir='ltr'>contrata</span> <span class='ocrx_word' id='word_1_316' title='bbox 936 3744 1077 3811; x_wconf 72' lang='lat' dir='ltr'>palestine:</span> <span class='ocrx_word' id='word_1_317' title='bbox 1097 3754 1121 3796; x_wconf 92' lang='lat' dir='ltr'>et</span> <span class='ocrx_word' id='word_1_318' title='bbox 1140 3745 1225 3812; x_wconf 87' lang='lat' dir='ltr'>primo</span> <span class='ocrx_word' id='word_1_319' title='bbox 1244 3745 1387 3811; x_wconf 77' lang='lat' dir='ltr'>interrogat</span> <span class='ocrx_word' id='word_1_320' title='bbox 1405 3745 1438 3795; x_wconf 90' lang='lat' dir='ltr'>de</span> <span class='ocrx_word' id='word_1_321' title='bbox 1456 3761 1509 3795; x_wconf 86' lang='lat' dir='ltr'>uno</span> <span class='ocrx_word' id='word_1_322' title='bbox 1528 3744 1641 3804; x_wconf 81' lang='lat' dir='ltr'>flumine,</span> <span class='ocrx_word' id='word_1_323' title='bbox 1659 3754 1686 3794; x_wconf 89' lang='lat' dir='ltr'>ut</span> 
     </span>
     <span class='ocr_line' id='line_1_32' title="bbox 396 3831 1686 3903; baseline -0.002 -16"><span class='ocrx_word' id='word_1_324' title='bbox 396 3851 443 3903; x_wconf 86' lang='lat' dir='ltr'>per</span> <span class='ocrx_word' id='word_1_325' title='bbox 460 3831 517 3887; x_wconf 74' lang='lat' dir='ltr'>ei&#39;us</span> <span class='ocrx_word' id='word_1_326' title='bbox 535 3834 654 3887; x_wconf 88' lang='lat' dir='ltr'>inditium</span> <span class='ocrx_word' id='word_1_327' title='bbox 673 3836 755 3903; x_wconf 90' lang='lat' dir='ltr'>possit</span> <span class='ocrx_word' id='word_1_328' title='bbox 773 3835 909 3886; x_wconf 89' lang='lat' dir='ltr'>ostendere</span> <span class='ocrx_word' id='word_1_329' title='bbox 928 3852 1015 3886; x_wconf 81' lang='lat' dir='ltr'>cerum</span> <span class='ocrx_word' id='word_1_330' title='bbox 1035 3845 1129 3886; x_wconf 87' lang='lat' dir='ltr'>ortum.</span> <span class='ocrx_word' id='word_1_331' title='bbox 1149 3836 1182 3886; x_wconf 84' lang='lat' dir='ltr'>Et</span> <span class='ocrx_word' id='word_1_332' title='bbox 1200 3844 1261 3886; x_wconf 80' lang='lat' dir='ltr'>nota</span> <span class='ocrx_word' id='word_1_333' title='bbox 1279 3835 1351 3901; x_wconf 86' lang='lat' dir='ltr'>quod</span> <span class='ocrx_word' id='word_1_334' title='bbox 1376 3835 1501 3885; x_wconf 81' lang='lat' dir='ltr'>iordanes</span> <span class='ocrx_word' id='word_1_335' title='bbox 1522 3835 1615 3886; x_wconf 86' lang='lat' dir='ltr'>llumeu</span> <span class='ocrx_word' id='word_1_336' title='bbox 1634 3834 1686 3886; x_wconf 79' lang='lat' dir='ltr'>enit</span> 
     </span>
    </p>
   </div>
   <div class='ocr_carea' id='block_1_8' title="bbox 367 3925 1687 3992">
    <p class='ocr_par' dir='ltr' id='par_1_9' title="bbox 367 3925 1687 3992">
     <span class='ocr_line' id='line_1_33' title="bbox 367 3925 1687 3992; baseline -0.001 -15"><span class='ocrx_word' id='word_1_337' title='bbox 367 3967 370 3972; x_wconf 61' lang='grc'>,</span> <span class='ocrx_word' id='word_1_338' title='bbox 397 3925 537 3979; x_wconf 81' lang='lat' dir='ltr'>demente</span> <span class='ocrx_word' id='word_1_339' title='bbox 555 3926 642 3977; x_wconf 76' lang='lat' dir='ltr'>libano</span> <span class='ocrx_word' id='word_1_340' title='bbox 660 3942 692 3977; x_wconf 82' lang='lat' dir='ltr'>ex</span> <span class='ocrx_word' id='word_1_341' title='bbox 710 3927 810 3977; x_wconf 84' lang='lat' dir='ltr'>duobus</span> <span class='ocrx_word' id='word_1_342' title='bbox 829 3925 952 3986; x_wconf 83' lang='lat' dir='ltr'>lontibus,</span> <span class='ocrx_word' id='word_1_343' title='bbox 971 3943 1016 3977; x_wconf 84' lang='lat' dir='ltr'>seu</span> <span class='ocrx_word' id='word_1_344' title='bbox 1035 3943 1067 3977; x_wconf 80' lang='lat' dir='ltr'>ex</span> <span class='ocrx_word' id='word_1_345' title='bbox 1086 3925 1129 3976; x_wconf 91' lang='lat' dir='ltr'>lor</span> <span class='ocrx_word' id='word_1_346' title='bbox 1148 3935 1173 3977; x_wconf 91' lang='lat' dir='ltr'>et</span> <span class='ocrx_word' id='word_1_347' title='bbox 1192 3927 1253 3986; x_wconf 77' lang='lat' dir='ltr'>dan,</span> <span class='ocrx_word' id='word_1_348' title='bbox 1270 3926 1339 3976; x_wconf 91' lang='lat' dir='ltr'>unde</span> <span class='ocrx_word' id='word_1_349' title='bbox 1352 3925 1524 3992; x_wconf 83' lang='lat' dir='ltr'>compositum</span> <span class='ocrx_word' id='word_1_350' title='bbox 1543 3936 1581 3977; x_wconf 85' lang='lat' dir='ltr'>est</span> <span class='ocrx_word' id='word_1_351' title='bbox 1601 3925 1687 3976; x_wconf 82' lang='lat' dir='ltr'>Iorda-</span> 
     </span>
    </p>
   </div>
   <div class='ocr_carea' id='block_1_9' title="bbox 397 4014 1686 4084">
    <p class='ocr_par' dir='ltr' id='par_1_10' title="bbox 397 4014 1686 4084">
     <span class='ocr_line' id='line_1_34' title="bbox 397 4014 1686 4084; baseline -0.002 -16"><span class='ocrx_word' id='word_1_352' title='bbox 397 4030 456 4068; x_wconf 79' lang='lat' dir='ltr'>uus.</span> <span class='ocrx_word' id='word_1_353' title='bbox 474 4014 589 4068; x_wconf 78' lang='lat' dir='ltr'>Libertus</span> <span class='ocrx_word' id='word_1_354' title='bbox 607 4025 647 4068; x_wconf 80' lang='lat' dir='ltr'>est</span> <span class='ocrx_word' id='word_1_355' title='bbox 665 4016 693 4067; x_wconf 84' lang='lat' dir='ltr'>in</span> <span class='ocrx_word' id='word_1_356' title='bbox 711 4016 805 4067; x_wconf 70' lang='lat' dir='ltr'>Finitis</span> <span class='ocrx_word' id='word_1_357' title='bbox 824 4033 898 4067; x_wconf 88' lang='lat' dir='ltr'>mons</span> <span class='ocrx_word' id='word_1_358' title='bbox 917 4016 1058 4067; x_wconf 79' lang='lat' dir='ltr'>altissimus</span> <span class='ocrx_word' id='word_1_359' title='bbox 1071 4016 1208 4075; x_wconf 78' lang='lat' dir='ltr'>etdiridit</span> <span class='ocrx_word' id='word_1_360' title='bbox 1226 4033 1283 4068; x_wconf 81' lang='lat' dir='ltr'>eam</span> <span class='ocrx_word' id='word_1_361' title='bbox 1300 4016 1410 4067; x_wconf 75' lang='lat' dir='ltr'>eludes</span> <span class='ocrx_word' id='word_1_362' title='bbox 1427 4026 1453 4067; x_wconf 89' lang='lat' dir='ltr'>et</span> <span class='ocrx_word' id='word_1_363' title='bbox 1472 4016 1605 4084; x_wconf 72' lang='lat' dir='ltr'>palestine.</span> <span class='ocrx_word' id='word_1_364' title='bbox 1625 4016 1686 4067; x_wconf 88' lang='lat' dir='ltr'>dicit</span> 
     </span>
    </p>
   </div>
   <div class='ocr_carea' id='block_1_10' title="bbox 385 4104 1686 4174">
    <p class='ocr_par' dir='ltr' id='par_1_11' title="bbox 385 4104 1686 4174">
     <span class='ocr_line' id='line_1_35' title="bbox 385 4104 1686 4174; baseline -0.004 -14"><span class='ocrx_word' id='word_1_365' title='bbox 385 4104 541 4174; x_wconf 52' lang='lat' dir='ltr'>,Iosephus</span> <span class='ocrx_word' id='word_1_366' title='bbox 563 4107 706 4159; x_wconf 76' lang='lat' dir='ltr'>«elibano</span> <span class='ocrx_word' id='word_1_367' title='bbox 724 4116 812 4159; x_wconf 86' lang='lat' dir='ltr'>monte</span> <span class='ocrx_word' id='word_1_368' title='bbox 830 4123 876 4174; x_wconf 87' lang='lat' dir='ltr'>per</span> <span class='ocrx_word' id='word_1_369' title='bbox 895 4108 948 4158; x_wconf 86' lang='lat'>600</span> <span class='ocrx_word' id='word_1_370' title='bbox 967 4106 1051 4158; x_wconf 75' lang='lat' dir='ltr'>stadia</span> <span class='ocrx_word' id='word_1_371' title='bbox 1069 4123 1159 4158; x_wconf 76' lang='lat' dir='ltr'>uersus</span> <span class='ocrx_word' id='word_1_372' title='bbox 1177 4116 1295 4158; x_wconf 74' lang='lat' dir='ltr'>austrum</span> <span class='ocrx_word' id='word_1_373' title='bbox 1314 4116 1355 4158; x_wconf 85' lang='lat' dir='ltr'>est</span> <span class='ocrx_word' id='word_1_374' title='bbox 1374 4122 1449 4157; x_wconf 80' lang='lat' dir='ltr'>uerus</span> <span class='ocrx_word' id='word_1_375' title='bbox 1468 4115 1540 4158; x_wconf 84' lang='lat' dir='ltr'>ortus</span> <span class='ocrx_word' id='word_1_376' title='bbox 1560 4105 1686 4157; x_wconf 79' lang='lat' dir='ltr'>iordanis.</span> 
     </span>
    </p>
   </div>
   <div class='ocr_carea' id='block_1_11' title="bbox 397 4194 1686 4444">
    <p class='ocr_par' dir='ltr' id='par_1_12' title="bbox 397 4194 1686 4444">
     <span class='ocr_line' id='line_1_36' title="bbox 398 4194 1684 4265; baseline -0.003 -16"><span class='ocrx_word' id='word_1_377' title='bbox 398 4194 446 4249; x_wconf 78' lang='lat' dir='ltr'>Est</span> <span class='ocrx_word' id='word_1_378' title='bbox 463 4196 520 4249; x_wconf 78' lang='lat' dir='ltr'>ione</span> <span class='ocrx_word' id='word_1_379' title='bbox 539 4197 584 4265; x_wconf 89' lang='lat' dir='ltr'>qui</span> <span class='ocrx_word' id='word_1_380' title='bbox 601 4197 744 4265; x_wconf 76' lang='lat' dir='ltr'>appelletur</span> <span class='ocrx_word' id='word_1_381' title='bbox 769 4198 855 4265; x_wconf 76' lang='lat' dir='ltr'>phiale</span> <span class='ocrx_word' id='word_1_382' title='bbox 873 4198 965 4264; x_wconf 86' lang='lat' dir='ltr'>plenus</span> <span class='ocrx_word' id='word_1_383' title='bbox 993 4208 1018 4248; x_wconf 90' lang='lat' dir='ltr'>et</span> <span class='ocrx_word' id='word_1_384' title='bbox 1042 4213 1175 4265; x_wconf 79' lang='lat' dir='ltr'>uunquam</span> <span class='ocrx_word' id='word_1_385' title='bbox 1200 4197 1319 4256; x_wconf 75' lang='lat' dir='ltr'>effluens,</span> <span class='ocrx_word' id='word_1_386' title='bbox 1339 4199 1385 4248; x_wconf 85' lang='lat' dir='ltr'>sed</span> <span class='ocrx_word' id='word_1_387' title='bbox 1404 4198 1571 4248; x_wconf 81' lang='lat' dir='ltr'>subterraneo</span> <span class='ocrx_word' id='word_1_388' title='bbox 1599 4206 1684 4246; x_wconf 86' lang='lat' dir='ltr'>meatu</span> 
     </span>
     <span class='ocr_line' id='line_1_37' title="bbox 398 4281 1686 4355; baseline -0.002 -16"><span class='ocrx_word' id='word_1_389' title='bbox 398 4288 531 4354; x_wconf 75' lang='lat' dir='ltr'>usquead</span> <span class='ocrx_word' id='word_1_390' title='bbox 549 4281 760 4348; x_wconf 64' lang='lat' dir='ltr'>libanum&#39;senit,</span> <span class='ocrx_word' id='word_1_391' title='bbox 778 4288 871 4339; x_wconf 90' lang='lat' dir='ltr'>deinde</span> <span class='ocrx_word' id='word_1_392' title='bbox 889 4288 1034 4355; x_wconf 75' lang='lat' dir='ltr'>duplimtus</span> <span class='ocrx_word' id='word_1_393' title='bbox 1053 4288 1104 4338; x_wconf 82' lang='lat' dir='ltr'>exit</span> <span class='ocrx_word' id='word_1_394' title='bbox 1123 4305 1138 4339; x_wconf 83' lang='grc' dir='ltr'>ι</span> <span class='ocrx_word' id='word_1_395' title='bbox 1157 4288 1258 4338; x_wconf 85' lang='lat' dir='ltr'>duobus</span> <span class='ocrx_word' id='word_1_396' title='bbox 1278 4287 1393 4338; x_wconf 80' lang='lat' dir='ltr'>lontibus</span> <span class='ocrx_word' id='word_1_397' title='bbox 1413 4287 1438 4336; x_wconf 91' lang='lat' dir='ltr'>in</span> <span class='ocrx_word' id='word_1_398' title='bbox 1459 4287 1508 4337; x_wconf 77' lang='lat' dir='ltr'>fine</span> <span class='ocrx_word' id='word_1_399' title='bbox 1532 4284 1634 4335; x_wconf 83' lang='lat' dir='ltr'>montis.</span> <span class='ocrx_word' id='word_1_400' title='bbox 1654 4286 1686 4336; x_wconf 80' lang='lat' dir='ltr'>Et</span> 
     </span>
     <span class='ocr_line' id='line_1_38' title="bbox 397 4373 1685 4444; baseline -0.007 -12"><span class='ocrx_word' id='word_1_401' title='bbox 397 4380 413 4432; x_wconf 66' lang='lat' dir='ltr'>t</span> <span class='ocrx_word' id='word_1_402' title='bbox 431 4376 511 4429; x_wconf 75' lang='lat' dir='ltr'>latere</span> <span class='ocrx_word' id='word_1_403' title='bbox 528 4373 568 4429; x_wconf 79' lang='lat' dir='ltr'>es&#39;t</span> <span class='ocrx_word' id='word_1_404' title='bbox 585 4376 674 4429; x_wconf 77' lang='lat' dir='ltr'>eis-itae</span> <span class='ocrx_word' id='word_1_405' title='bbox 692 4389 780 4429; x_wconf 80' lang='lat' dir='ltr'>uoeeta</span> <span class='ocrx_word' id='word_1_406' title='bbox 798 4378 930 4429; x_wconf 81' lang='lat' dir='ltr'>bltelenas.</span> <span class='ocrx_word' id='word_1_407' title='bbox 949 4379 1018 4428; x_wconf 79' lang='lat' dir='ltr'>Ante</span> <span class='ocrx_word' id='word_1_408' title='bbox 1037 4387 1137 4444; x_wconf 80' lang='lat' dir='ltr'>portam</span> <span class='ocrx_word' id='word_1_409' title='bbox 1156 4376 1266 4428; x_wconf 73' lang='lat' dir='ltr'>ciuitatis</span> <span class='ocrx_word' id='word_1_410' title='bbox 1286 4376 1382 4427; x_wconf 81' lang='lat' dir='ltr'>flumen</span> <span class='ocrx_word' id='word_1_411' title='bbox 1395 4375 1514 4427; x_wconf 88' lang='lat' dir='ltr'>discurrit</span> <span class='ocrx_word' id='word_1_412' title='bbox 1527 4391 1572 4441; x_wconf 84' lang='lat' dir='ltr'>per</span> <span class='ocrx_word' id='word_1_413' title='bbox 1586 4374 1685 4424; x_wconf 83' lang='lat' dir='ltr'>indiam</span> 
     </span>
    </p>
   </div>
   <div class='ocr_carea' id='block_1_12' title="bbox 387 4464 1686 4538">
    <p class='ocr_par' dir='ltr' id='par_1_13' title="bbox 387 4464 1686 4538">
     <span class='ocr_line' id='line_1_39' title="bbox 387 4464 1686 4538; baseline -0.005 -18"><span class='ocrx_word' id='word_1_414' title='bbox 387 4469 425 4538; x_wconf 70' lang='lat' dir='ltr'>&#39;pt</span> <span class='ocrx_word' id='word_1_415' title='bbox 449 4467 630 4520; x_wconf 72' lang='lat' dir='ltr'>Palestiuem...</span> <span class='ocrx_word' id='word_1_416' title='bbox 655 4467 749 4519; x_wconf 87' lang='lat' dir='ltr'>deiude</span> <span class='ocrx_word' id='word_1_417' title='bbox 775 4468 831 4519; x_wconf 86' lang='lat' dir='ltr'>lluit</span> <span class='ocrx_word' id='word_1_418' title='bbox 855 4484 901 4535; x_wconf 85' lang='lat' dir='ltr'>per</span> <span class='ocrx_word' id='word_1_419' title='bbox 924 4468 1061 4534; x_wconf 82' lang='lat' dir='ltr'>Sogornam</span> <span class='ocrx_word' id='word_1_420' title='bbox 1085 4477 1111 4518; x_wconf 93' lang='lat' dir='ltr'>et</span> <span class='ocrx_word' id='word_1_421' title='bbox 1136 4483 1283 4534; x_wconf 80' lang='lat' dir='ltr'>gomorram</span> <span class='ocrx_word' id='word_1_422' title='bbox 1292 4485 1319 4525; x_wconf 71' lang='lat' dir='ltr'>a,</span> <span class='ocrx_word' id='word_1_423' title='bbox 1338 4466 1427 4534; x_wconf 76' lang='lat' dir='ltr'>Aliqui</span> <span class='ocrx_word' id='word_1_424' title='bbox 1450 4465 1538 4517; x_wconf 90' lang='lat' dir='ltr'>dicunt</span> <span class='ocrx_word' id='word_1_425' title='bbox 1556 4464 1625 4530; x_wconf 87' lang='lat' dir='ltr'>quod</span> <span class='ocrx_word' id='word_1_426' title='bbox 1645 4464 1686 4514; x_wconf 87' lang='lat' dir='ltr'>hie</span> 
     </span>
    </p>
   </div>
   <div class='ocr_carea' id='block_1_13' title="bbox 392 4543 1686 4850">
    <p class='ocr_par' dir='ltr' id='par_1_14' title="bbox 392 4543 1686 4850">
     <span class='ocr_line' id='line_1_40' title="bbox 395 4543 1686 4704; baseline -0.005 -94"><span class='ocrx_word' id='word_1_427' title='bbox 395 4543 491 4704; x_wconf 53' lang='lat' dir='ltr'>[lougius</span> <span class='ocrx_word' id='word_1_428' title='bbox 513 4558 582 4610; x_wconf 78' lang='lat' dir='ltr'>eadit</span> <span class='ocrx_word' id='word_1_429' title='bbox 607 4558 634 4609; x_wconf 89' lang='lat' dir='ltr'>in</span> <span class='ocrx_word' id='word_1_430' title='bbox 660 4576 729 4609; x_wconf 81' lang='lat' dir='ltr'>mare</span> <span class='ocrx_word' id='word_1_431' title='bbox 755 4569 893 4618; x_wconf 90' lang='lat' dir='ltr'>mortuum,</span> <span class='ocrx_word' id='word_1_432' title='bbox 912 4575 966 4609; x_wconf 86' lang='lat' dir='ltr'>seu·</span> <span class='ocrx_word' id='word_1_433' title='bbox 985 4574 1074 4608; x_wconf 81' lang='lat' dir='ltr'>uersus</span> <span class='ocrx_word' id='word_1_434' title='bbox 1092 4557 1219 4608; x_wconf 87' lang='lat' dir='ltr'>orientem</span> <span class='ocrx_word' id='word_1_435' title='bbox 1237 4567 1264 4608; x_wconf 86' lang='lat' dir='ltr'>et</span> <span class='ocrx_word' id='word_1_436' title='bbox 1283 4566 1409 4607; x_wconf 76' lang='lat' dir='ltr'>austrum.</span> <span class='ocrx_word' id='word_1_437' title='bbox 1432 4555 1520 4623; x_wconf 74' lang='lat' dir='ltr'>‚aliqui</span> <span class='ocrx_word' id='word_1_438' title='bbox 1544 4554 1642 4613; x_wconf 88' lang='lat' dir='ltr'>dicunt,</span> <span class='ocrx_word' id='word_1_439' title='bbox 1660 4565 1686 4605; x_wconf 82' lang='lat' dir='ltr'>et</span> 
     </span>
     <span class='ocr_line' id='line_1_41' title="bbox 395 4630 1683 4718; baseline -0.003 -19"><span class='ocrx_word' id='word_1_440' title='bbox 395 4707 398 4718; x_wconf 40' lang='grc' dir='ltr'>Ι</span> <span class='ocrx_word' id='word_1_441' title='bbox 448 4648 499 4709; x_wconf 85' lang='lat' dir='ltr'>ius,</span> <span class='ocrx_word' id='word_1_442' title='bbox 515 4630 585 4716; x_wconf 85' lang='lat' dir='ltr'>quod</span> <span class='ocrx_word' id='word_1_443' title='bbox 604 4665 656 4699; x_wconf 89' lang='lat' dir='ltr'>uon</span> <span class='ocrx_word' id='word_1_444' title='bbox 675 4648 799 4700; x_wconf 83' lang='lat' dir='ltr'>immiscet</span> <span class='ocrx_word' id='word_1_445' title='bbox 817 4664 898 4716; x_wconf 75' lang='lat' dir='ltr'>equas</span> <span class='ocrx_word' id='word_1_446' title='bbox 916 4664 976 4699; x_wconf 81' lang='lat' dir='ltr'>suas</span> <span class='ocrx_word' id='word_1_447' title='bbox 1000 4649 1063 4714; x_wconf 78' lang='lat' dir='ltr'>marj</span> <span class='ocrx_word' id='word_1_448' title='bbox 1084 4647 1142 4708; x_wconf 86' lang='lat' dir='ltr'>isto,</span> <span class='ocrx_word' id='word_1_449' title='bbox 1162 4650 1208 4699; x_wconf 86' lang='lat' dir='ltr'>sed</span> <span class='ocrx_word' id='word_1_450' title='bbox 1226 4649 1380 4699; x_wconf 81' lang='lat' dir='ltr'>absorbetur</span> <span class='ocrx_word' id='word_1_451' title='bbox 1398 4649 1432 4697; x_wconf 80' lang='lat' dir='ltr'>ab</span> <span class='ocrx_word' id='word_1_452' title='bbox 1449 4663 1526 4698; x_wconf 80' lang='lat' dir='ltr'>arena</span> <span class='ocrx_word' id='word_1_453' title='bbox 1545 4657 1683 4712; x_wconf 79' lang='lat' dir='ltr'>antequem</span> 
     </span>
     <span class='ocr_line' id='line_1_42' title="bbox 392 4723 1500 4850; baseline -0.003 -58"><span class='ocrx_word' id='word_1_454' title='bbox 392 4723 476 4850; x_wconf 46' lang='lat' dir='ltr'>{intret</span> <span class='ocrx_word' id='word_1_455' title='bbox 493 4739 521 4791; x_wconf 89' lang='lat' dir='ltr'>iu</span> <span class='ocrx_word' id='word_1_456' title='bbox 539 4757 617 4792; x_wconf 75' lang='lat' dir='ltr'>mere.</span> <span class='ocrx_word' id='word_1_457' title='bbox 1496 4757 1500 4764; x_wconf 93' lang='lat'>·</span> 
     </span>
    </p>
   </div>
   <div class='ocr_carea' id='block_1_14' title="bbox 0 0 2085 5217">
    <p class='ocr_par' dir='ltr' id='par_1_15' title="bbox 0 0 2085 5217">
     <span class='ocr_line' id='line_1_43' title="bbox 0 0 2085 5217; baseline 0 0"><span class='ocrx_word' id='word_1_458' title='bbox 0 0 2085 5217; x_wconf 95' lang='lat' dir='ltr'> </span> 
     </span>
    </p>
   </div>
  </div>
 </body>
</html>
