4125 5217
486 406 542 468 μ),
983 398 1133 446 aurosto
1157 402 1262 448 ,reuss

480 669 600 731 scientia
622 683 777 750 poetarum
799 686 916 748 semper
936 667 965 727 in
987 666 1057 747 ipsis
1079 666 1140 726 suis
1154 662 1333 725 carminibus
1353 665 1498 724 tttatsimos
1519 682 1665 729 ruetuorat
1686 670 1764 730 viros

480 787 509 832 et
531 770 597 831 illos
619 769 696 830 farm
725 767 794 829 lacit
823 783 964 839 etteruos,
986 766 1062 828 sicut
1092 765 1236 846 Virgilius
1258 764 1326 825 l'acit
1347 784 1459 825 enemo.
1481 798 1491 810 ·
1512 772 1536 823 tr
1557 767 1662 848 iupiter
1682 767 1765 836 tillus,

480 893 531 933 seu
553 869 670 953 diligit;
692 868 750 930 boc
773 887 825 950 per
845 881 1004 949 augustum
1038 866 1200 926 masirnum
1233 866 1450 946 imperatorem,
1471 864 1506 924 ad
1537 885 1659 927 tttttttcut
1682 872 1766 930 cuius

481 971 615 1053 virgilius
647 968 779 1053 eneydos
810 967 999 1049 composuit;
1020 966 1068 1028 uel
1100 965 1157 1028 buc
1179 965 1260 1039 dicit,
1281 965 1349 1047 quia
1381 967 1497 1046 iupiter,
1520 965 1576 1047 :ilii
1599 967 1765 1032 des·ener:tti

482 1088 550 1134 sunt
565 1072 639 1132 mira
654 1086 718 1131 arte
739 1067 776 1129 ab
798 1068 867 1151 ipsis
890 1067 993 1150 poetis.
1010 1082 1040 1129 et
1056 1068 1144 1128 etiam
1160 1065 1215 1128 bec
1230 1064 1318 1127 verba
1334 1081 1456 1148 possunt
1472 1065 1567 1144 rel'errj
1585 1086 1600 1125 a
1616 1067 1766 1128 donumm

482 1171 623 1242 lauream,
638 1189 709 1231 cum
724 1168 814 1229 dicit:
840 1182 894 1228 ete
917 1181 999 1227 uates
1020 1166 1186 1246 diligunt»,
1200 1165 1267 1246 quia
1291 1166 1352 1246 ipse
1373 1181 1492 1247 stupens
1515 1167 1674 1247 poemeni
1695 1169 1768 1228 eatis

481 1286 554 1344 erat,
576 1290 641 1331 cam
669 1268 822 1351 diligebat.
844 1304 863 1315 -
885 1269 1037 1351 magnique
1061 1267 1205 1349 «iratesque,
1227 1266 1295 1346 quia
1322 1284 1426 1326 ontues
1448 1263 1560 1326 nobiles
1582 1267 1647 1337 tiri,
1667 1268 1717 1347 qui
1739 1266 1767 1326 iu

483 1372 596 1433 curiam
619 1366 1051 1443 fontanam„verumtanem
1073 1368 1173 1427 sidero
1195 1364 1362 1447 cupiebant,
1384 1380 1413 1426 et
1443 1366 1496 1447 ipsi
1518 1366 1683 1427 cardinales
1701 1382 1811 1428 stu-····

483 1468 591 1552 pebant
611 1469 766 1550 sepissime
787 1469 816 1528 in
838 1467 966 1528 adventu
988 1466 1114 1548 ipsius·
1136 1472 1160 1524 ἡ·
1173 1466 1279 1548 iupiter
1292 1463 1396 1547 diligit.
1413 1464 1519 1526 Fabula
1542 1481 1602 1526 est:
1617 1486 1685 1527 cum
1708 1468 1769 1547 ipsa

481 1568 609 1650 dampne
631 1588 716 1629 uersa
738 1581 814 1628 esset
837 1568 865 1627 io
888 1565 1015 1638 laurum,
1037 1563 1150 1648 phebus
1172 1564 1248 1624 banc
1270 1566 1409 1626 virtutem
1425 1566 1449 1624 ei
1470 1565 1548 1626 dedit
1571 1585 1607 1625 ne
1629 1567 1768 1648 umquim

483 1668 630 1749 fulminari
655 1666 813 1749 posset-ab
835 1668 898 1749 ipso
919 1668 1116 1747 iotisingne,
1139 1665 1212 1725 idest
1234 1687 1249 1725 a
1272 1662 1406 1748 fulgore:
1430 1680 1457 1726 et
1490 1664 1518 1725 id
1551 1680 1706 1747 repertum·
1726 1681 1786 1727 est·

483 1767 563 1850 quod
592 1786 744 1849 nunquam
773 1767 870 1849 aliqua
901 1765 999 1827 laurus
1027 1767 1088 1826 visa
1117 1780 1161 1827 est
1190 1785 1325 1847 percussa
1355 1763 1392 1825 ab
1430 1767 1494 1846 ipso
1522 1764 1651 1827 fulmine.
1684 1767 1770 1828 Unde

482 1867 573 1930 dicit:
596 1868 707 1951 iupiter
728 1867 803 1928 oiim
824 1872 848 1927 le
869 1865 976 1949 diligit,
998 1886 1031 1926 uc
1053 1866 1161 1948 refregit
1180 1864 1291 1924 uiolare
1319 1872 1342 1925 lc
1363 1865 1455 1925 iotario
1477 1864 1600 1926 trisulto.
1624 1868 1699 1927 Nam
1721 1866 1771 1927 di-

482 1981 555 2029 cunt
577 1982 664 2050 poete
686 1969 784 2027 iorem
808 1965 881 2027 lerre
903 1965 1071 2038 tridentem,
1094 1965 1168 2026 idest
1189 1964 1319 2025 iaculum
1335 1967 1387 2026 tria
1404 1964 1514 2047 spicula
1529 1964 1697 2036 habentem,
1711 1986 1771 2047 quo

483 2067 551 2148 (seu
575 2065 712 2140 tridente,
735 2065 781 2126 uel
804 2065 917 2147 iaculo)
939 2064 1003 2127 ierit
1025 2084 1116 2126 omne
1138 2084 1253 2137 taetrius,
1275 2064 1349 2127 idest
1377 2064 1494 2126 arbores
1515 2085 1629 2137 omnes,
1650 2080 1770 2148 excepta

483 2181 522 2227 te.
544 2200 555 2213 ·
576 2186 662 2249 qnam
685 2165 770 2247 (prot
787 2166 947 2248 quantum)
969 2165 1151 2247 plateetralns
1172 2163 1279 2247 apollo,
1295 2165 1368 2226 idest
1391 2164 1513 2248 phebus,
1535 2167 1581 2226 cui
1604 2164 1772 2227 attribuitur

483 2286 568 2329 arcus
592 2281 620 2327 et
643 2265 780 2348 pharetra
803 2286 871 2327 cum
894 2266 1026 2347 sagiptis,
1042 2271 1067 2325 cl
1081 2263 1197 2326 celebres
1212 2265 1257 2325 :iri
1271 2286 1366 2327 arsere
1380 2265 1464 2349 (prot
1480 2267 1629 2348 arserunt)
1644 2280 1682 2338 te,
1698 2265 1771 2327 idest

483 2380 657 2447 propterte,
673 2380 761 2446 prout
784 2363 878 2425 fabula
896 2379 1002 2425 narrat.
1019 2364 1103 2424 Num
1117 2371 1237 2447 stupens,
1252 2371 1304 2426 seu
1327 2385 1392 2447 ego,
1407 2364 1489 2426 ardet
1504 2380 1543 2438 te,
1565 2364 1638 2425 idest
1654 2379 1772 2448 propter

482 2480 532 2541 te;
553 2471 653 2548 postor
674 2466 765 2547 inops,
787 2464 861 2525 idest
885 2483 1004 2546 pauper,
1026 2484 1078 2524 seu
1100 2479 1221 2545 stupens
1251 2479 1382 2546 respectu
1406 2464 1617 2547 magnitudinis
1639 2480 1699 2541 tue,
1721 2464 1772 2527 sed

485 2584 544 2625 non
565 2584 679 2646 pauper
701 2578 835 2645 respectu
858 2565 975 2624 virtutis
1003 2583 1072 2637 sue3
1095 2563 1145 2624 sed
1174 2565 1258 2645 inops
1280 2564 1352 2645 aurj,
1373 2597 1383 2609 ·
1405 2563 1494 2625 irritus
1515 2572 1665 2625 roriltmlor
1685 2565 1773 2649 apiani

483 2664 588 2745 gregis,
602 2662 676 2724 idest
698 2678 857 2724 couteutor
870 2662 1051 2723 diuitiarum.
1068 2665 1144 2724 Nam
1167 2666 1230 2745 ipse
1251 2680 1371 2746 stupens
1388 2685 1537 2747 utinquam
1561 2664 1703 2726 sollicitus
1719 2661 1772 2726 luit

484 2764 514 2821 in
535 2762 726 2843 acquirendo,
749 2763 798 2822 sed
822 2764 850 2822 in
872 2762 1038 2834 studendo;
1061 2763 1126 2822 ideo
1141 2763 1231 2824 dicit:
1254 2764 1336 2823 dives
1352 2766 1415 2838 erit,
1431 2784 1482 2824 scu
1499 2780 1630 2844 stupetis,
1646 2767 1668 2824 si
1685 2784 1771 2826 voces

484 2881 535 2921 sua
558 2863 689 2922 earmina
712 2876 779 2934 etc,
802 2862 877 2921 idest
897 2862 921 2920 si
937 2880 970 2922 ea
986 2860 1142 2922 laudabilia
1166 2877 1195 2923 et
1216 2862 1264 2923 illa
1287 2862 1396 2944 diugna
1418 2882 1481 2923 esse
1502 2862 1641 2924 censebis.
1665 2898 1684 2909 -
1706 2862 1772 2924 Plus

484 2959 598 3041 aliquid
611 2979 697 3042 parom
713 2958 799 3019 reno
813 2980 884 3021 cros.
901 2959 1069 3042 Respondet
1083 2961 1229 3043 dampne:
1247 2961 1311 3043 plus
1327 2981 1390 3022 eras
1405 2961 1532 3043 diognus
1547 2960 1668 3023 honoris
1682 2981 1771 3044 quam

485 3058 578 3132 rebar,
599 3059 676 3121 idest
697 3080 786 3141 quam
810 3074 954 3141 putarem.
975 3093 985 3107 ·
1007 3062 1164 3121 reverentia
1187 3063 1278 3122 inubi
1297 3061 1413 3145 inpedit,
1435 3063 1502 3143 quia
1529 3081 1589 3122 oon
1610 3062 1699 3123 audes
1720 3082 1771 3124 seu

482 3158 583 3219 omnia
605 3157 773 3240 explicare3
796 3159 868 3220 ridde
889 3160 979 3229 alind,
1001 3160 1077 3221 idest
1099 3161 1219 3243 loquere
1241 3176 1270 3221 et
1291 3163 1400 3243 poteris
1431 3160 1554 3222 fortasse
1575 3160 1699 3243 placere,
1720 3182 1771 3223 seu

485 3256 575 3318 micbi
598 3273 717 3340 gratum
740 3279 812 3319 esse.
834 3293 854 3305 -
876 3261 959 3321 Forte
981 3260 1026 3321 die
1048 3261 1229 3331 attributione
1246 3281 1287 3321 rue
1308 3282 1383 3321 urens
1405 3267 1486 3345 argei
1507 3281 1642 3321 narraras:
1663 3263 1768 3322 iterum

481 3358 583 3439 incipit
606 3372 729 3438 stupens
752 3374 781 3418 et
803 3360 844 3420 sic
866 3358 1028 3442 alloquitur
1049 3381 1130 3420 earu:
1147 3359 1226 3442 forle
1247 3360 1336 3421 inedia
1358 3360 1411 3430 dir,
1427 3360 1500 3422 idest
1523 3377 1655 3442 tempore
1677 3359 1772 3423 medie

481 3457 568 3516 etatis
591 3475 675 3530 mee3
698 3457 766 3516 riatur
789 3478 830 3518 ute
852 3479 927 3519 atreus
949 3467 1030 3541 urget
1052 3479 1180 3533 orituros,
1202 3458 1276 3520 idest
1298 3481 1382 3520 amor
1409 3481 1525 3521 amarus
1552 3459 1635 3542 (nam
1657 3461 1685 3521 iu
1708 3460 1770 3543 ipso

481 3570 616 3636 tempore
638 3554 754 3618 sortiter
775 3556 895 3618 ardebat
928 3572 1047 3637 propter
1078 3578 1210 3618 stramem
1242 3557 1361 3621 domine
1393 3559 1490 3621 lauree
1512 3574 1540 3621 et
1569 3562 1598 3621 in
1627 3560 1771 3622 desiderio

481 3656 577 3735 poesis
600 3670 628 3716 et
650 3656 709 3715 iam
733 3655 856 3717 canebat
879 3657 1085 3737 componendo
1107 3660 1258 3735 cantiina3
1280 3658 1353 3719 idest
1375 3658 1445 3721 dicit
1467 3659 1578 3741 aliud:)
1599 3660 1658 3721 situ
1678 3680 1770 3732 ortior,

480 3774 533 3815 seu
556 3770 642 3836 urget
666 3774 714 3815 me
736 3756 765 3816 in
788 3755 886 3829 sileas,
909 3754 981 3817 idest
1004 3758 1034 3817 iu
1055 3758 1190 3819 ciuitates
1213 3773 1240 3819 et
1270 3760 1408 3840 precipue
1429 3759 1584 3821 incuriam
1608 3779 1770 3835 romanam,

481 3852 529 3913 ubi
552 3868 623 3915 tune
647 3853 786 3914 manebat
818 3868 847 3914 et
868 3855 931 3936 ipse
952 3870 980 3916 et
1001 3855 1120 3920 domina
1142 3857 1252 3931 laurea,
1270 3893 1280 3903 ·
1301 3856 1393 3918 sulita
1414 3879 1479 3928 voa,
1502 3858 1614 3920 tirricior
1634 3858 1768 3930 brittanna,

479 3954 596 4034 carrligrl
614 3973 710 4016 ¹tratres.
734 3954 789 4014 Hic
813 3952 925 4015 inducit
946 3974 977 4014 se
991 3956 1137 4018 audiuisse
1153 3971 1181 4017 et
1197 3956 1426 4018 uidisse'novem
1442 3978 1550 4038 rttusas,
1565 3958 1633 4020 huic
1648 3958 1769 4020 scientie

480 4049 632 4125 attributas,
655 4066 683 4112 et
706 4052 917 4134 proprietatem
945 4073 1037 4114 suam.
1059 4056 1218 4137 unicuique
1246 4056 1367 4116 istarum
1396 4056 1525 4117 attibuit.
1548 4058 1617 4119 satis
1638 4055 1770 4146 confuse,

479 4168 534 4211 sun
554 4168 614 4211 ctu
639 4169 780 4214 votueuo
809 4172 958 4215 omusure
980 4174 1060 4216 uase
1081 4174 1307 4229 useost‘ttosmt,
1329 4175 1383 4218 seu
1405 4176 1652 4221 onetatartouuu
1680 4177 1770 4220 teau·

479 4266 616 4311 scntntmn
638 4270 838 4325 ntttoes'rtes,
860 4271 940 4314 tuuc
963 4273 1062 4314 rosan
1087 4272 1347 4316 stoutftcattoseu
1375 4275 1590 4327 curescetsot'n
1618 4278 1693 4320 urse
1715 4278 1769 4320 tete

478 4366 512 4408 se
534 4367 711 4423 omassum,
733 4370 831 4413 uriom·
855 4370 915 4412 nst:
938 4371 1038 4414 auron
1060 4372 1218 4422 sentitus.
1234 4368 1263 4414 et
1284 4355 1372 4415 etiam
1395 4353 1533 4417 describit
1549 4354 1646 4418 locum
1668 4371 1768 4418 actum

478 4465 557 4508 coro.
580 4483 589 4493 -
611 4447 717 4531 stupui,
740 4470 791 4510 scu
815 4463 862 4510 me
884 4450 1031 4530 audiuisse
1057 4450 1146 4513 talem
1172 4473 1283 4514 uocem.
1308 4456 1384 4516 Nam
1413 4455 1470 4515 iam
1493 4454 1639 4517 subtiliter
1661 4476 1768 4538 proee-

477 4544 564 4607 debat
586 4546 621 4608 ad
644 4550 737 4629 ipsam
761 4550 914 4609 seientiam
938 4552 1095 4632 poeticam,
1117 4567 1145 4635 et
1168 4566 1261 4612 artem
1284 4552 1376 4633 ipsam
1392 4569 1507 4635 ceperat
1523 4573 1684 4637 agnoscere
1705 4574 1767 4616 eru·

476 4645 586 4706 ditus·
608 4645 679 4708 Ievis
701 4647 787 4719 aalide,
810 4648 885 4709 idest
906 4651 1037 4711 suaviter
1056 4650 1225 4727 decurrens,
1241 4651 1377 4714 uoluebat
1400 4640 1526 4715 nitentes
1550 4653 1673 4737 lapillos,
1693 4652 1766 4714 idest

475 4745 595 4821 nitidos;
616 4762 646 4808 ct
668 4746 724 4809 boc
748 4748 844 4845 signat
866 4769 972 4832 aquam
996 4750 1117 4811 nitidam
1140 4766 1169 4811 et
1190 4750 1299 4813 claram
1323 4750 1419 4814 luisse.
1441 4788 1460 4800 -
1482 4752 1577 4815 erlusu
1598 4752 1682 4815 colle:
1703 4754 1766 4815 Hoc
