4125 5217
391 369 451 454 136
870 385 1038 434 ,aunomo
1062 385 1169 432 avesa

388 522 428 532 ..ιι
432 521 658 530 -ι---ι--ο--ι-ι-ι
662 518 944 529 ι--ι---

389 668 445 746 ire
476 665 595 757 iibet;
627 664 764 756 liceat3
796 691 990 771 nusquam
1021 684 1112 745 sunt
1142 663 1312 744 carmina
1341 663 1450 745 tanti.
1506 637 1513 651 ⁸

176 784 241 866 Gn·
345 780 482 884 (Uien
515 792 696 874 iuvenem
728 793 880 898 pavisse
909 790 1018 872 domi
1049 810 1086 871 et
1117 788 1272 871 finxisse
1301 788 1495 883 docendo,

386 920 446 1006 ⁴Ut
475 918 637 1000 doctum
669 945 771 999 nova
799 916 898 999 silva
927 944 1074 1011 senem,
1105 944 1232 998 novus
1261 914 1404 1022 hospes
1434 913 1621 997 haberet?

391 1046 456 1127 Sic
486 1044 597 1127 labor
626 1043 808 1149 agricolis
839 1043 997 1149 longus,
1027 1041 1152 1123 brevis
1182 1041 1271 1124 inde
1300 1041 1495 1148 voluptas.

392 1173 496 1253 Arva
525 1170 690 1253 domant
719 1169 816 1274 aliis.
846 1171 911 1251 Sic
941 1168 1065 1251 fessus
1096 1189 1210 1252 nauta
1239 1169 1380 1276 quietis

393 1297 548 1381 invehit
576 1298 736 1403 ancipiti
766 1296 911 1379 delatas
940 1323 1085 1403 equore
1115 1322 1272 1377 merces

392 1427 531 1508 Nosco
562 1452 696 1506 meum
726 1422 859 1506 sidus:
893 1422 990 1527 Aliis
1021 1423 1163 1506 urenda
1192 1424 1333 1530 paravi.

394 1552 535 1634 Fatum
566 1578 741 1657 agnosco
770 1571 910 1633 tuum:
942 1551 1084 1633 Primis
1115 1578 1204 1632 nam
1236 1578 1381 1658 pauper
1410 1549 1457 1645 ab
1487 1551 1611 1645 annis,
1652 1633 1654 1637 ,

394 1680 546 1785 Pauper
572 1678 647 1758 eris
676 1678 820 1772 senior,
852 1704 998 1784 pauper
1026 1676 1205 1759 morieris
1236 1675 1401 1758 Araricla.

394 1803 424 1899 1,
445 1823 595 1895 tamem
618 1803 700 1910 ipse
721 1803 819 1884 meis
841 1802 1023 1911 (quando
1045 1802 1120 1884 hoc
1142 1802 1347 1885 immobile
1366 1824 1505 1887 votum
1527 1804 1606 1912 est)
1647 1843 1687 1871 ιω

395 1930 456 2013 Te
484 1931 570 2012 sine
599 1977 622 1991 -
652 1928 760 2038 quod
790 1929 939 2013 nollem
970 1978 992 1991 -
1015 1931 1092 2012 iam
1121 1929 1230 2012 solus
1261 1958 1393 2037 pascar
1422 1932 1578 2013 acerris

176 2058 292 2142 Arni.
353 2054 486 2164 (Ilpse
516 2085 583 2163 per
611 2077 771 2140 estatem
803 2056 1076 2151 medianarum
1106 2055 1206 2138 colle
1235 2058 1386 2153 virenti,

176 2210 262 2264 rsa·
400 2181 511 2265 Valle
540 2181 600 2264 vel
631 2182 829 2278 umbrosa,
860 2182 1050 2306 nitidique
1080 2184 1120 2264 in
1149 2185 1323 2290 margine
1354 2182 1473 2266 sontis

395 2307 516 2390 Solus
546 2307 742 2415 apollinea
772 2307 983 2391 modulans
1012 2308 1085 2390 sub
1116 2307 1251 2391 fronde
1280 2305 1436 2404 sedebo,

397 2433 713 2540 Lanigerumque
742 2463 902 2540 gregem
935 2463 1102 2542 pascam,
1132 2456 1168 2516 et
1198 2435 1282 2516 loca
1312 2433 1431 2517 florea
1460 2437 1606 2517 circum
1651 2474 1687 2513 us

397 2558 604 2642 Meilificas
635 2560 818 2643 imitabor
847 2590 949 2667 apes.
980 2561 1041 2642 Te
1070 2560 1177 2643 dives
1207 2560 1362 2643 habebit

397 2685 519 2780 Silva,
549 2686 616 2767 sed
648 2707 801 2768 urentes
830 2686 1041 2769 turbabunt
1071 2689 1153 2769 ntia
1182 2717 1281 2769 cure.

470 3067 504 3117 V.
528 3067 591 3118 118:
612 3067 710 3134 primis.
