4125 5217
743 386 747 393 ·
835 394 867 445 ιι
889 394 1078 446 socottcuu
1100 396 1231 447 canaam
1608 394 1670 464 275

395 654 589 740 umpbantem
616 654 781 734 ecclesiam,
809 676 866 741 ego
893 656 1104 742 voluptuosam
1125 658 1339 743 amplector.-
1319 661 1492 745 -szpycnst
1513 661 1676 725 Bonifatius

396 778 470 841 popa
490 759 540 841 qui
563 756 739 841 voluptuose
762 760 885 821 risit·
905 758 1057 821 artatum:
1080 759 1209 823 Ecclesia
1230 775 1332 823 sancta
1352 763 1532 846 symoniacis
1554 764 1677 847 pratita-

397 857 475 920 tibus
495 859 647 922 incestata.
667 892 678 907 ·
693 858 857 943 sorntosus:
879 874 919 934 te,
940 880 960 922 o
980 858 1120 923 clemens.
1148 896 1168 909 -
1196 863 1313 923 niuoso:
1341 860 1420 938 albo,
1440 864 1509 946 quis
1536 883 1625 925 senex
1647 879 1676 925 et

397 978 487 1020 canus
508 971 579 1020 erat.
600 992 621 1006 -
641 966 776 1021 nastrum:
797 978 967 1036 cameram;
987 961 1055 1043 quia
1077 980 1214 1042 spargere
1236 960 1322 1022 flores
1349 980 1399 1043 per
1426 980 1574 1023 cameram
1595 961 1678 1024 lacie·

398 1057 456 1120 bat.
477 1091 498 1105 ·
515 1057 638 1143 pedum:
660 1060 775 1141 virgam
795 1074 826 1120 et
847 1058 1034 1142 pastoralem.
1048 1094 1068 1107 -
1082 1061 1154 1122 rosis
1166 1058 1356 1122 siluestribus:
1373 1059 1447 1122 idest
1461 1061 1541 1144 gazis
1562 1060 1679 1123 aliunde

397 1158 529 1242 quesitis.
549 1193 570 1206 -
588 1160 703 1242 gregis:
726 1157 836 1242 populi.
857 1194 877 1207 -
898 1160 994 1221 ratris:
1016 1160 1154 1221 civitatis.
1176 1195 1195 1206 ·
1214 1158 1324 1243 peculi:
1354 1161 1436 1244 regni
1460 1174 1491 1223 et
1510 1161 1677 1245 patrimonii

400 1257 477 1322 beati
499 1259 573 1343 petri
594 1272 625 1321 et
644 1256 701 1319 alia
723 1255 799 1320 bona
820 1257 944 1321 ecclesie
964 1258 1025 1341 (t).

466 1358 614 1442 'Alipns'n
634 1356 860 1441 intelligendum
882 1372 926 1420 est
945 1357 982 1419 de
998 1377 1078 1441 papa
1099 1360 1283 1435 innocentio,
1304 1360 1354 1443 qui
1375 1357 1430 1421 tun
1450 1373 1552 1422 sancte
1571 1373 1602 1423 et
1621 1359 1681 1422 lau·

399 1456 504 1522 dabilis
524 1457 585 1521 vite
606 1471 636 1521 et
661 1458 830 1543 symoniam
857 1472 887 1521 et
915 1457 1024 1522 scelera
1053 1457 1167 1542 fugavit
1195 1476 1224 1522 et
1252 1479 1403 1544 nunquam
1433 1458 1574 1524 beneficia
1594 1458 1682 1522 dabat

402 1559 458 1621 nisi
478 1556 601 1642 probate
622 1559 682 1620 vite
701 1557 872 1621 hominibus
893 1574 923 1622 et
944 1558 1141 1622 benemeritis.
1162 1594 1183 1607 -
1196 1560 1349 1644 Atsgrtrio:
1371 1559 1590 1644 astrologomm
1611 1562 1682 1623 iudi·

400 1660 499 1723 cin-va·
520 1657 749 1745 ιιριιὶιὲιϊςιιὴ
771 1657 891 1742 repellet
911 1661 1068 1722 severitate
1089 1681 1142 1722 sua
1162 1659 1300 1722 dona-et·
1320 1658 1461 1723 beneficia
1482 1661 1682 1744 impetrantes.

401 1792 423 1807 -
441 1758 557 1822 sordes:
577 1759 646 1843 quia
666 1757 787 1822 inducet
806 1758 1009 1822 immunditias
1030 1759 1148 1822 vivendi
1170 1760 1198 1821 in
1221 1762 1355 1824 Romana
1383 1758 1508 1823 ecclesia
1529 1777 1560 1823 et
1580 1759 1684 1824 delica-

400 1873 463 1923 tam
484 1860 577 1922 vitam
598 1874 627 1922 et
649 1879 824 1943 pomposam
845 1875 973 1944 spernet.
993 1896 1004 1908 ·
1032 1861 1139 1922 tristis:
1161 1859 1290 1923 vivendo
1310 1875 1341 1922 et
1366 1858 1522 1923 moriendo
1542 1860 1644 1923 tristis.
1665 1895 1685 1908 -

399 1960 529 2023 somnio:
551 1957 645 2043 gloria
665 1957 802 2036 celestis3
828 1962 898 2045 quia
926 1963 988 2023 scio
1016 1959 1086 2045 quid
1106 1961 1137 2023 in
1164 1960 1220 2023 lrae
1242 1961 1302 2023 rita
1329 1958 1436 2038 liabeo,
1457 1961 1558 2024 neseio
1577 1960 1614 2024 de
1635 1976 1685 2024 tua

401 2057 512 2123 celesti.
532 2093 544 2107 ·
564 2057 652 2121 boatus
671 2058 740 2122 ille:
762 2062 876 2123 cristus.
898 2096 909 2108 -
928 2059 1080 2146 vepribus:
1101 2081 1211 2123 corona
1231 2062 1410 2145 spineamm.
1425 2095 1444 2110 -
1466 2067 1622 2123 inescatos:
1646 2082 1686 2124 re

401 2158 539 2242 demptos
559 2158 674 2243 generis
695 2158 828 2222 humani.
848 2194 860 2207 ·
880 2160 978 2224 susis:
1000 2159 1081 2222 orbis
1101 2173 1256 2223 terrarum.
1276 2196 1288 2209 ·
1309 2162 1407 2224 nmis:
1429 2162 1460 2224 in
1481 2159 1603 2225 ecelesia
1624 2159 1686 2244 (a).

482 2258 654 2323 Immemor:
675 2259 845 2343 Respondet
866 2261 963 2337 Mitio,
983 2259 1100 2323 dicens:
1129 2259 1179 2323 ille
1199 2264 1306 2324 cristus
1327 2259 1382 2324 fuit
1402 2262 1447 2323 sui
1469 2262 1637 2337 immemor,
1657 2274 1688 2323 et

401 2358 472 2423 lecit
491 2360 569 2423 sieut
589 2379 694 2423 avarus
714 2362 765 2445 qui
787 2381 848 2423 noo
869 2358 934 2423 vult
954 2380 1048 2444 pauca
1070 2360 1190 2445 perdere
1210 2383 1280 2425 cum
1298 2361 1395 2424 videat
1416 2360 1510 2424 multa
1530 2362 1635 2445 perire,
1656 2375 1686 2423 et

403 2459 546 2544 imposuit
567 2473 628 2523 tam
649 2459 755 2523 arduas
776 2460 857 2545 leges
878 2476 907 2523 et
927 2477 1065 2546 precepta
1094 2463 1123 2523 in
1145 2463 1206 2525 vita
1226 2462 1308 2547 quod
1335 2480 1446 2546 paucos
1466 2460 1521 2524 sibi
1541 2464 1638 2546 querit
1659 2477 1688 2523 et

404 2559 515 2624 multos
544 2560 646 2647 perdit
675 2563 713 2624 Et
740 2563 837 2646 primo
864 2562 993 2625 ostendit
1021 2563 1209 2646 asperitatem
1238 2561 1313 2645 legis
1340 2562 1421 2625 cristi
1449 2560 1631 2624 observande
1657 2561 1688 2623 in

403 2659 461 2725 hac
480 2662 552 2739 vin,
571 2660 703 2725 seeundo
723 2662 853 2725 ostendit
872 2661 1141 2726 dulcedinemvite
1155 2683 1244 2747 quam
1266 2660 1369 2725 suadet
1389 2660 1545 2747 dyabolus,
1559 2662 1607 2725 cui
1627 2663 1689 2746 ipse

405 2761 536 2827 clemens
556 2777 677 2846 propter
696 2760 830 2825 lascivias
851 2762 1008 2851 inheserat.
1030 2779 1060 2826 et
1079 2762 1170 2827 dicit:
1195 2762 1305 2825 Contra
1325 2782 1374 2847 ego
1396 2761 1457 2848 (3).

477 3196 516 3261 (ι)
535 3188 589 3270 [Cr]
607 3195 733 3247 αιιιίιαιιιι
751 3195 838 3249 dotem
857 3213 962 3250 romane
980 3196 1096 3250 eeelesie.
1114 3225 1124 3236 ·
1137 3196 1267 3263 smum
1290 3202 1396 3264 propter
1421 3192 1534 3247 mitrato.
1553 3222 1563 3235 ·
1582 3211 1691 3246 nonus:

405 3294 512 3354 propter
528 3286 629 3340 anulos.
647 3316 658 3328 ·
669 3286 759 3354 sontes
778 3287 886 3355 pecnnia
904 3288 1094 3341 beneficiorum.
1113 3317 1122 3327 ·
1139 3289 1283 3355 speculum:
1302 3287 1398 3338 dotem.
1417 3314 1428 3326 ·
1450 3285 1566 3337 coridon:
1591 3295 1690 3337 oostan·

405 3376 476 3429 lions
493 3376 640 3446 imperator.
658 3407 668 3419 ·
684 3380 795 3431 conisae
813 3378 960 3432 iurisdictio
977 3389 1003 3432 et
1022 3388 1136 3447 potestas
1153 3377 1305 3446 imperialis.
1324 3406 1334 3417 ·
1352 3377 1462 3428 amicas:
1481 3375 1559 3427 ritant
1577 3386 1691 3428 eternam

406 3476 433 3519 et
449 3466 558 3537 ιῑοτίιιιι
576 3468 697 3536 paradisi.
709 3497 719 3509 ·
731 3469 843 3535 Epirus:
855 3468 930 3537 qnasi
942 3468 1045 3521 deditus
1057 3470 1127 3536 lippa
1139 3477 1165 3520 et
1176 3468 1225 3520 iste
1238 3467 1285 3519 luit
1298 3466 1441 3518 bonifatius
1453 3466 1587 3534 septimos,
1598 3467 1692 3533 quibos

406 3557 464 3627 Ep]
480 3556 528 3610 tuta
545 3557 664 3611 infinsta.
682 3558 716 3609 Et
733 3558 827 3611 dieitur
844 3560 915 3628 prior
936 3559 997 3627 quis
1019 3558 1115 3626 inoepit
1140 3559 1235 3610 babere
1259 3556 1484 3626 proscriptionem.
1510 3584 1520 3597 ·
1545 3559 1692 3624 amplexus:

407 3647 525 3701 simonie.
542 3676 553 3690 ·
569 3655 647 3701 ortos:
665 3648 700 3701 ad
716 3656 833 3700 ortanam
851 3648 988 3701 civitatem.
1007 3678 1016 3688 -
1034 3666 1123 3700 casser:
1142 3648 1246 3700 tinnni.
1264 3676 1274 3687 ·
1290 3647 1450 3713 sepulcrum:
1467 3644 1563 3698 Leonis
1581 3645 1693 3714 septimi.

403 3766 414 3778 ·
429 3744 512 3791 aeros
529 3738 615 3793 mitra.
631 3769 642 3779 ·
658 3746 781 3791 αιιιηιιιιι
803 3738 927 3807 palatium
951 3739 1052 3807 popolo.
1079 3768 1088 3779 ·
1109 3741 1207 3813 greges:
1233 3737 1423 3790 cristianorum.
1441 3765 1451 3776 ·
1469 3738 1554 3788 ruris:
1577 3736 1693 3788 Romane

406 3826 530 3883 Roolesle.

479 3915 552 3995 [CB]
568 3921 691 3988 Apiciana
709 3938 776 3989 psps
793 3920 936 3975 Bonifatius
948 3922 1032 3989 uttja¹⁸

479 4013 519 4078 (s)
536 4005 591 4085 [Cr]
610 4012 730 4080 Aliquis.
748 4011 860 4064 ereditur
877 4012 948 4079 qood
965 4010 1041 4063 luerit
1060 4010 1190 4073 Urbanos,
1202 4010 1248 4077 qni
1265 4007 1366 4063 reduxit
1384 4009 1528 4060 Romanam
1547 4006 1644 4060 coriam
1661 4008 1696 4057 ab

407 4100 538 4155 Asinione
555 4101 583 4154 ln
602 4101 739 4154 Italiam·-
757 4104 839 4153 nutis
857 4104 997 4169 utrimque:
1023 4100 1134 4152 vivendo
1151 4110 1178 4152 et
1196 4100 1369 4152 moriendo„
1387 4106 1520 4150 armata:
1544 4113 1626 4185 genos
1651 4095 1697 4148 lto·

408 4209 552 4246 manum.-
540 4194 673 4260 ·ola‘sspoa
689 4191 781 4244 nelo.-
799 4194 877 4244 aula.
895 4191 1022 4260 paradiso.

480 4285 520 4352 (3)
538 4284 639 4336 ostibus
655 4282 821 4352 preceptisu
811 4283 966 4349 somnusue:
984 4282 1184 4351 baptismatis.-
1173 4283 1315 4333 mandere
1331 4278 1576 4348 osesspeeostis.·
1566 4279 1696 4330 ·:nellsro

408 4384 520 4444 pennam.
540 4403 550 4415 -
567 4374 662 4425 hircos:
681 4372 759 4425 salsos
777 4373 924 4442 prophetas.
944 4402 953 4413 ·
972 4375 1032 4423 avio
1052 4374 1188 4424 lustrabis:
1207 4372 1284 4425 lseias
1308 4371 1476 4439 penitentum
1502 4369 1529 4422 in
1554 4370 1667 4423 heremo.
1687 4398 1697 4409 ·

408 4465 525 4533 iniquas
543 4462 629 4517 orabis
647 4480 696 4533 pro
713 4463 825 4517 inimicis
850 4464 909 4516 tuis.
933 4493 943 4505 ·
965 4466 1072 4516 aristosa
1097 4463 1209 4515 diuitias.
1235 4491 1244 4502 ·
1265 4479 1364 4530 gregem
1389 4461 1555 4530 presbiteros.
1580 4489 1589 4500 ·
1609 4476 1697 4527 yrcos:

408 4555 529 4624 pselatos.
548 4583 558 4595 ·
576 4556 681 4608 umbras
700 4554 728 4607 ln
746 4554 801 4607 otio
818 4562 989 4623 peecatorum.
