4125 5217
888 401 1038 450 antonio
1061 401 1170 451 AVENA

388 668 528 743 florenos,
550 668 662 749 etipse
684 668 773 728 instat
795 665 825 727 in
846 663 1006 746 splendidis
1028 663 1123 725 urrdis.
1139 663 1222 747 quasi
1237 661 1332 724 dicat:
1356 682 1414 723 non
1436 662 1498 723 sitit
1519 682 1624 724 aurum
1646 677 1675 723 et

389 784 433 831 est
454 783 515 830 tam
537 768 642 830 ardens
664 767 726 828 sitis
753 766 837 827 istius
867 763 948 849 quod
979 784 1039 825 non
1071 779 1169 848 posset
1197 763 1340 845 extingui,
1367 763 1391 822 si
1421 761 1531 824 biberet
1562 778 1675 844 tagum,

388 868 468 954 qnod
489 884 534 930 est
556 867 677 929 flumem
699 866 866 951 hyspanum
888 867 919 927 in
939 884 1000 948 quo
1021 864 1117 926 iacent
1138 862 1247 924 harene
1267 883 1364 925 anrec.

470 968 523 1030 lile
544 967 618 1031 alter
634 981 683 1029 est
704 965 785 1029 feros
806 981 836 1028 et
856 963 995 1027 omnibus
1017 964 1155 1025 minatur.
1177 976 1207 1024 et
1221 963 1302 1024 vides
1318 978 1349 1024 tu
1372 960 1437 1023 illos
1458 961 1532 1024 duos
1553 963 1603 1044 qni
1626 962 1677 1021 im·

390 1067 504 1152 pellunt
526 1088 618 1129 unum
639 1064 788 1128 alterum?
811 1066 858 1126 isti
880 1065 940 1125 dno
961 1085 1029 1146 sepe
1051 1083 1120 1144 sepe
1140 1064 1365 1143 exagitaverunt
1386 1082 1511 1144 magnos
1533 1059 1677 1121 tumultus

391 1171 421 1232 in
441 1167 631 1241 cis‘itatibus;
653 1186 730 1228 nnnc
752 1166 904 1248 attingunt
925 1163 962 1225 ad
982 1163 1096 1225 acriora
1111 1160 1186 1224 bella
1208 1177 1237 1224 et
1252 1162 1371 1224 turbant
1385 1156 1495 1223 ontiria.
1511 1195 1531 1208 -
1546 1164 1582 1222 ΙΞι
1598 1159 1678 1221 sides

392 1284 424 1332 tu
445 1267 519 1330 alios
541 1267 615 1329 duos
636 1266 686 1350 qui
708 1285 767 1326 non
789 1279 861 1326 sunt
882 1264 996 1348 gravati
1018 1261 1215 1325 infirmitate?
1236 1260 1286 1324 ille
1300 1262 1390 1324 miser
1411 1282 1470 1322 non
1492 1261 1627 1322 inmiscet
1648 1279 1679 1320 se

392 1368 421 1431 in
443 1368 517 1441 istis,
540 1383 569 1429 et
591 1364 641 1428 ille
661 1363 735 1427 alter
755 1364 898 1427 candidus
919 1364 1046 1447 quiescit
1067 1379 1096 1425 et
1128 1380 1227 1425 tameo
1249 1361 1333 1424 fricat
1355 1361 1494 1423 morbum
1515 1361 1680 1443 antiquum,

392 1468 468 1530 idest
488 1468 587 1551 querit
607 1468 631 1527 si
654 1479 751 1548 potest
771 1462 868 1527 lacere
889 1463 1009 1548 aliquid.
1032 1498 1051 1511 -
1081 1466 1119 1526 Et
1140 1463 1221 1525 vides
1244 1478 1276 1525 tu
1297 1462 1371 1523 alios
1392 1461 1490 1523 dnos?
1511 1459 1571 1533 ille,
1591 1480 1680 1543 quern

392 1568 488 1631 cernis
509 1580 678 1648 separatum
699 1563 736 1625 ab
757 1561 832 1646 aliis,
854 1566 916 1646 ipsc
937 1577 1000 1625 crat
1022 1562 1129 1625 nobilis
1143 1577 1287 1647 quantum
1302 1561 1338 1623 ad
1360 1562 1609 1645 generositatem
1630 1558 1681 1621 sed

393 1686 454 1728 non
476 1666 569 1747 pascit
589 1663 684 1726 aliena
706 1683 813 1745 pascua
834 1662 885 1724 sed
907 1683 959 1723 sua
987 1660 1113 1723 sollicite
1134 1676 1252 1723 castrat.
1275 1661 1343 1723 lauic
1372 1660 1504 1743 predicto
1525 1674 1586 1721 erat
1607 1656 1682 1720 alius

393 1763 501 1828 nobilis
522 1764 634 1839 hostis;
656 1761 706 1824 sed
728 1763 784 1823 iste
805 1777 868 1823 erat
899 1762 1038 1845 antiquus
1067 1780 1123 1823 evo
1144 1776 1172 1823 et
1201 1780 1281 1822 mors
1310 1761 1405 1844 frniyit
1426 1760 1537 1823 bellum
1558 1761 1682 1821 istorum

393 1879 515 1949 propter
535 1879 663 1925 mortem
686 1863 802 1923 unius...
825 1876 855 1924 et
875 1859 927 1924 ille
947 1860 1002 1923 luit
1029 1861 1090 1922 dux
1119 1861 1248 1923 civitatis
1271 1880 1392 1923 rorarane
1419 1859 1538 1946 quando
1560 1879 1613 1921 nos
1633 1858 1684 1919 di-

394 1965 545 2027 utissimus
566 1960 689 2047 ytaliam
711 1978 740 2024 ct
762 1962 856 2045 ipsam
879 1981 1002 2022 romam.
1024 1962 1079 2023 iste
1101 1960 1137 2022 de
1157 1962 1264 2023 orsinis
1291 1960 1445 2023 cardinalis
1468 1960 1548 2022 llexit
1568 1961 1624 2022 iter
1651 1973 1683 2019 ut

393 2061 556 2126 cardinales
577 2063 735 2123 transirent
756 2059 834 2123 ultra
855 2076 982 2123 montes.
1011 2080 1083 2122 mox
1111 2074 1173 2123 tota
1204 2062 1286 2125 curia
1316 2076 1417 2124 secuta
1445 2075 1489 2124 est
1517 2062 1633 2145 ipsum;
1653 2072 1684 2121 at

394 2182 449 2225 nos
472 2163 556 2224 vacui
579 2177 608 2225 et
630 2162 745 2223 vacuati
768 2161 847 2222 curis
868 2159 1007 2222 duximus
1030 2158 1141 2222 bonnm
1163 2175 1290 2245 tempus.

478 2260 600 2337 Quint:
621 2262 721 2322 omnia
744 2261 820 2343 rapit
840 2258 930 2343 longa
951 2274 1033 2336 etas;
1055 2258 1188 2338 ecclesia,
1209 2262 1290 2323 curia
1313 2281 1433 2324 romana
1455 2260 1599 2323 diminuta
1620 2273 1685 2352 est3

395 2379 450 2440 nos
472 2381 532 2422 non
555 2380 658 2421 sumus
686 2357 835 2442 inculpa,
857 2358 929 2420 deus
957 2358 1026 2421 facit
1047 2358 1115 2435 hoc,
1144 2375 1174 2422 et
1195 2360 1285 2422 etiam
1317 2381 1371 2423 nos
1392 2363 1453 2425 cito
1475 2361 1636 2424 nronemur
1656 2374 1685 2420 et

396 2460 463 2523 ideo
483 2460 641 2522 consilium
663 2479 763 2521 meum
793 2473 837 2519 est
866 2457 971 2542 (quarn
993 2458 1042 2520 din
1065 2459 1125 2542 est)
1154 2458 1294 2523 ludere...
1316 2495 1336 2508 -
1357 2458 1530 2546 [indicis]„..
1552 2460 1685 2546 quamvis

397 2558 448 2623 ille
469 2559 634 2643 frequentet
656 2559 799 2642 promissa
821 2572 851 2620 et
873 2559 967 2620 minas
988 2558 1045 2620 dei.

479 2659 557 2721 Hos:
579 2675 610 2721 tu
633 2678 775 2721 conosces
796 2678 900 2719 omnes
922 2659 1116 2741 supradictos,
1137 2658 1187 2742 qui
1209 2673 1277 2720 sunt
1298 2660 1358 2721 nati
1381 2660 1605 2743 cnsanguineis
1627 2679 1687 2721 no-

397 2759 486 2834 stris;
507 2757 574 2819 idco
596 2780 655 2821 non
677 2780 761 2822 cures
783 2760 819 2823 de
841 2760 987 2843 preteritis
1009 2774 1039 2820 et
1061 2777 1120 2819 non
1141 2778 1226 2820 cures
1247 2757 1342 2821 iacere
1369 2758 1531 2821 cardinales
1552 2758 1686 2845 ytalycos

395 2858 466 2942 quia
486 2873 607 2940 possent
628 2860 760 2943 accipere
780 2859 957 2922 dominium.
975 2874 1005 2921 et
1026 2878 1081 2920 nos
1101 2856 1273 2920 ornabimus
1289 2878 1365 2920 nora
1380 2859 1476 2942 capita
1497 2858 1621 2943 superba
1638 2880 1686 2921 an·

397 2956 482 3040 tiquo
503 2954 645 3039 capello...
669 2957 808 3020 describit
833 2957 907 3020 alios
934 2956 1099 3024 cardinales
1127 2955 1295 3020 iaciendos:
1317 2959 1372 3019 iste
1401 2956 1554 3019 resolverit
1575 2956 1688 3041 (resol-

397 3055 516 3139 vituri)
545 3070 625 3118 totns
652 3053 797 3117 luxuria...
826 3056 891 3139 ipse
917 3055 998 3118 solus
1028 3056 1151 3139 reples-it
1178 3056 1351 3133 stabulum3
1374 3070 1403 3118 et
1424 3055 1474 3118 ille
1495 3055 1570 3118 alter
1589 3055 1687 3120 studet

398 3154 599 3218 trassccndere
630 3170 659 3216 et
690 3154 834 3217 excellere
866 3175 949 3217 senes
981 3172 1111 3217 errantes
1142 3176 1252 3228 cursu;
1282 3156 1351 3240 quia
1382 3155 1444 3239 ipse
1483 3155 1562 3219 ridet
1598 3177 1686 3219 senex

398 3254 429 3317 in
450 3255 593 3337 sapientia
616 3269 644 3316 et
665 3252 754 3330 sacit;
777 3269 807 3317 ct
834 3253 884 3316 ille
911 3253 987 3317 alter
1015 3254 1132 3339 reliquit
1161 3274 1282 3338 gregeus
1304 3257 1362 3316 iarn
1383 3254 1472 3338 longe
1500 3270 1567 3339 post
1594 3270 1687 3340 terga,

398 3351 493 3416 lactus
514 3374 624 3429 senes3
647 3368 678 3415 tn
701 3370 784 3437 potes
804 3356 935 3438 aspicere
962 3353 1048 3417 illum
1076 3353 1255 3438 superbunr;
1276 3355 1341 3431 iste,
1363 3354 1532 3417 meditando
1554 3354 1688 3419 mordere

398 3454 510 3529 omnia,
531 3468 561 3515 et
582 3456 644 3536 ipse
666 3453 800 3517 verberat
823 3455 881 3515 iam
904 3474 973 3516 cunt
995 3456 1092 3537 capite
1113 3452 1149 3515 ad
1168 3474 1277 3516 aerem.
1299 3457 1337 3517 Et
1357 3468 1425 3537 post
1446 3457 1535 3516 istum
1557 3456 1689 3538 sequitur

400 3572 476 3615 unus
497 3551 572 3614 alius
595 3552 679 3614 valde
699 3552 820 3614 hunnlis
841 3568 987 3637 quantum
1008 3551 1046 3613 ad
1073 3568 1246 3635 aspectum3
1277 3553 1328 3616 sed
1355 3555 1433 3615 intus
1454 3568 1499 3616 est
1520 3556 1637 3639 iniquus
1657 3556 1688 3616 in

399 3667 499 3714 mente
521 3667 550 3713 et
571 3666 615 3713 est
637 3650 766 3713 multum
788 3650 936 3714 crudelior
956 3672 1060 3736 aspero
1088 3672 1178 3735 apro;
1199 3665 1229 3714 et
1253 3651 1358 3735 probat
1378 3673 1430 3736 per
1452 3653 1610 3717 effectum:
1632 3674 1688 3736 ego

400 3751 459 3813 vidi
480 3750 599 3834 qnando
621 3752 683 3833 ipse
713 3752 809 3833 rapuit
831 3771 954 3813 uxorem
983 3754 1033 3813 uni
1061 3751 1116 3813 sibi
1143 3751 1249 3835 equali,
1271 3772 1319 3814 me
1347 3752 1475 3829 ridente,
1497 3767 1527 3814 et
1546 3755 1602 3815 iste
1623 3751 1687 3815 talis

400 3852 493 3912 utitur
514 3849 632 3939 naribus
654 3851 751 3912 cursis
774 3865 803 3912 et
830 3850 904 3933 pede
933 3866 1012 3912 torto
1034 3866 1063 3913 et
1095 3850 1206 3934 expulit
1234 3850 1319 3912 illum
1347 3853 1395 3914 cni
1423 3854 1537 3934 accepit
1565 3872 1689 3914 uxorem

400 3963 429 4009 et
451 3947 519 4010 lecit
541 3951 637 4032 ipsnm
660 3948 778 4033 spoliari
802 3965 831 4011 et
852 3948 980 4010 sbandiri
996 3950 1033 4012 de
1054 3951 1182 4012 civitate.
1197 3949 1256 4033 aiij,
1271 3951 1321 4034 qni
1337 3950 1474 4012 sidentur
1487 3952 1528 4013 ita
1542 3950 1687 4013 deformes

399 4064 430 4111 et
451 4068 603 4133 nunqnam
625 4048 731 4111 debere
758 4048 869 4133 aliquid
896 4050 982 4124 scire,
1003 4050 1146 4132 permicte
1172 4049 1252 4133 quod
1280 4065 1468 4126 assuescant;
1495 4052 1549 4133 ipsi
1577 4050 1689 4113 discere

400 4148 541 4232 poterunt
563 4148 667 4224 multa,
689 4164 733 4211 tot
755 4150 905 4231 magistris
928 4148 1130 4211 existentibus.
1153 4151 1190 4210 Et
1212 4148 1292 4209 vides
1315 4164 1346 4210 tn
1367 4148 1434 4211 illos
1455 4149 1554 4212 duos?
1581 4152 1610 4211 in
1632 4170 1689 4212 ve-

401 4250 488 4312 ritate
509 4248 549 4311 illi
572 4251 628 4309 orti
651 4263 719 4310 sont
740 4250 770 4309 in
793 4251 850 4310 isto
873 4249 984 4309 mundo
998 4249 1035 4309 ad
1057 4248 1286 4312 destructionem
1303 4250 1383 4325 vini;
1404 4252 1459 4333 ipsi
1474 4264 1543 4312 sunt
1564 4251 1688 4333 pingues

400 4364 429 4411 et
451 4369 555 4431 grascs
578 4364 698 4424 musto;
725 4347 761 4409 de
786 4349 850 4410 istis
877 4368 931 4409 nos
959 4347 1099 4411 iaciemus
1121 4348 1288 4411 sacerdotes
1310 4347 1414 4411 bacchi
1435 4365 1465 4411 et
1486 4365 1517 4411 tn
1540 4349 1688 4433 persolves

400 4450 546 4511 trieterica
568 4447 632 4523 tibi,
648 4448 722 4511 lacta
738 4448 880 4510 sacrificia
904 4449 933 4510 in
955 4469 1034 4511 anno
1054 4448 1090 4510 de
1112 4449 1181 4509 cino
1196 4448 1321 4510 oll'enso.
1336 4448 1405 4525 lroc,
1419 4448 1537 4533 quando
1559 4447 1687 4511 bacchus

399 4547 471 4610 deus
493 4549 552 4609 vini
575 4549 630 4609 erit
651 4548 782 4610 offensus
805 4570 821 4610 a
843 4547 938 4624 malis,
955 4569 1008 4610 nos
1023 4547 1253 4611 sacrificabimus
1275 4546 1341 4610 illos
1362 4547 1447 4624 duos,
1467 4546 1579 4610 revulsa
1601 4547 1687 4631 pelle,

297 4647 300 4654 '
398 4647 517 4730 quando
539 4642 636 4709 veniet
666 4647 711 4708 illa
741 4646 814 4710 leste
841 4647 960 4724 llacclri,
987 4669 1038 4709 sen
1068 4650 1223 4710 triaterica,
1246 4651 1323 4709 licce
1344 4646 1417 4709 alios
1439 4647 1529 4709 duos:
1551 4662 1640 4725 certe,
1663 4646 1688 4709 si

392 4745 560 4809 subiciatur
580 4749 655 4810 ratio
674 4748 805 4832 passioni
827 4748 900 4831 (hoc
923 4764 968 4811 est
987 4750 1011 4809 si
1034 4750 1252 4811 consideramus
1272 4747 1461 4810 allectionem
1483 4762 1513 4810 et
1534 4767 1593 4809 non
1614 4747 1687 4810 veri·
