4125 5217
183 4017 187 4027 .
206 3998 241 4038 ιις
252 4009 256 4018 ·
268 4000 306 4039 ιν)

369 398 434 466 218
871 410 1023 461 turonio
1046 414 1150 461 asma

370 549 496 562 Μ

372 678 495 753 ὺοιιιιιιι,
508 676 587 762 quod
603 675 656 738 leci
680 674 821 737 fontisnos
835 672 996 737 cardinales
1012 690 1041 736 et
1054 673 1120 735 dedi
1144 673 1236 735 multa
1252 672 1409 749 bmetitia3
1431 695 1491 737 non
1513 697 1550 738 ne
1571 675 1653 737 eides

371 777 452 864 quod
473 776 535 839 iero
554 775 699 838 sotulares
720 789 750 837 et
770 788 912 837 coturnos
933 793 1039 835 aureos
1060 788 1089 835 et
1115 772 1228 835 nobiles
1250 789 1279 834 et
1306 774 1447 835 habentes
1469 774 1579 837 naultos
1600 795 1658 837 co-

371 876 449 940 lores
470 877 547 939 sicut
568 874 678 936 iaciunt
698 873 738 954 illj
761 874 799 934 de
819 873 913 934 tuscia
925 874 966 933 ἒ...
988 892 1046 952 ego
1060 873 1202 955 acquisivi
1220 871 1308 933 michi
1332 893 1457 953 magnos
1477 876 1589 936 anticos
1605 893 1658 957 pro

371 978 453 1039 dono
473 989 503 1038 et
522 974 711 1036 diuitiarum:
737 974 862 1035 ecclesia
887 986 949 1033 tota
971 974 1044 1033 nitet
1066 972 1232 1053 gemmis...
1254 992 1313 1032 oon
1335 973 1433 1052 rigens
1454 972 1581 1046 nisibus,
1603 994 1658 1035 nec

373 1091 477 1138 exusta
497 1072 644 1137 caloribus
665 1071 819 1144 solaribus,
841 1092 901 1132 narn
922 1086 966 1132 est
993 1073 1033 1134 itt
1055 1091 1132 1132 nunc
1154 1072 1230 1132 sicut
1251 1086 1313 1132 erat
1334 1070 1458 1133 ecclesia
1480 1086 1530 1133 tua
1552 1075 1656 1155 turpis,

373 1174 493 1260 quando
514 1172 567 1235 luit
596 1192 670 1234 usor
690 1188 751 1245 tua,
772 1172 844 1232 duan
866 1186 898 1232 tu
920 1168 1102 1253 presidebas;
1124 1184 1152 1231 et
1173 1168 1245 1231 dum
1273 1186 1305 1231 tu
1328 1170 1402 1231 bene
1422 1173 1575 1253 prospicis,
1598 1192 1658 1232 non

376 1273 524 1336 ridebitur
544 1292 619 1333 usor
638 1271 809 1351 sacerdotis,
830 1270 881 1332 sed
904 1268 1050 1331 videbitur
1067 1290 1124 1331 una
1147 1270 1264 1352 regina:
1287 1284 1316 1331 et
1336 1286 1407 1333 tunc
1430 1272 1474 1351 isti
1498 1270 1661 1333 cardinales

375 1373 476 1455 lascisj
499 1372 605 1435 ludunt
632 1370 741 1457 ubique
768 1374 798 1433 in
820 1368 953 1432 herbosis
980 1369 1063 1442 locis,
1084 1370 1152 1452 qnia
1174 1370 1228 1452 ipsi
1256 1384 1334 1431 stant
1362 1371 1392 1431 in
1414 1369 1486 1433 locis
1509 1370 1609 1447 bonis}
1631 1387 1661 1433 et

376 1472 519 1537 naturalis
539 1471 697 1535 delectatio
725 1471 819 1533 soluit
851 1472 922 1532 istos
943 1472 1043 1552 pigros
1064 1470 1093 1530 in
1114 1488 1199 1543 ceno,
1220 1470 1288 1553 quia
1309 1485 1378 1531 sunt
1399 1468 1475 1553 plenj
1498 1470 1611 1554 dicitjs:
1633 1488 1662 1533 et

374 1572 453 1636 facio
473 1593 532 1656 ego
554 1574 593 1634 ita
614 1572 693 1656 quad
715 1586 816 1654 pastor
836 1590 895 1631 noo
917 1572 1007 1631 intrat
1027 1567 1198 1652 speluncam
1221 1585 1363 1644 mastram,
1383 1566 1435 1632 s'eu
1464 1569 1562 1632 nullus
1589 1569 1664 1633 alter

376 1672 451 1735 dans
471 1672 626 1755 (dominus
637 1674 665 1755 ?)
687 1687 719 1733 ut
741 1672 901 1753 imperator
921 1668 967 1731 vel
988 1668 1062 1731 alius
1084 1688 1144 1730 res.

460 1769 614 1856 [nimpe]
635 1771 694 1846 isti,
713 1791 788 1854 quos
817 1785 849 1831 tu
876 1768 950 1832 dicis
970 1789 1034 1830 esse
1065 1783 1132 1829 tuos
1152 1769 1277 1842 amicus,
1298 1784 1457 1852 rapuerunt
1477 1768 1664 1833 honestatem

375 1870 501 1935 ecclesie
522 1872 621 1932 uxoris
643 1892 702 1931 man
730 1885 821 1941 caste,
842 1884 872 1931 et
903 1870 957 1951 ipsi
986 1884 1089 1951 parant
1120 1868 1238 1929 insidias
1267 1868 1339 1950 tibj;
1365 1870 1427 1930 imo
1454 1868 1536 1932 uides
1563 1869 1665 1931 modi-

375 1990 446 2035 cunt
477 1969 590 2044 lumen,
611 1985 653 2045 tu,
680 1969 757 2045 dico,
779 1988 896 2051 pressus
923 1967 1019 2029 trtulto
1050 1983 1079 2029 et
1099 1969 1296 2051 intemperato
1317 1969 1439 2030 animo?
1459 2004 1479 2016 —
1500 1969 1663 2046 insidiator,

375 2092 428 2133 seu
451 2090 501 2132 ret
524 2068 642 2143 francic,
663 2084 789 2145 constan
811 2083 841 2130 et
862 2067 937 2129 fures
959 2068 1017 2143 isti,
1038 2088 1112 2152 quos
1141 2083 1227 2129 cocat
1248 2068 1519 2144 amicos,1nultum
1542 2068 1666 2152 vigilant

377 2185 411 2233 ιιι
432 2170 591 2253 predentur
612 2184 641 2231 te
662 2185 691 2231 et
712 2170 906 2231 circumstant
928 2183 978 2229 tua
999 2166 1115 2250 palatia.
1136 2201 1157 2214 ·
1172 2165 1316 2229 Furibus:
1331 2168 1498 2251 Respondet
1521 2169 1607 2231 Mitio
1628 2168 1664 2230 ad

376 2267 563 2355 pamphilum
584 2268 626 2332 sic
648 2269 764 2331 dicens:
781 2288 838 2350 ego
860 2266 912 2348 ieci
936 2265 1204 2331 confederationem
1226 2282 1255 2328 et
1277 2266 1367 2351 ligatu
1382 2288 1453 2330 cum
1473 2267 1536 2329 istis
1557 2267 1665 2331 talibus

377 2367 490 2432 iuribus
512 2369 552 2431 ita
573 2368 652 2452 quod
674 2387 733 2429 non
755 2366 850 2429 habeo
866 2369 1013 2429 timorem.
1028 2382 1058 2429 et
1079 2366 1136 2429 hoc
1152 2382 1196 2428 est
1210 2383 1397 2430 contractum
1413 2370 1557 2451 sanguine
1572 2369 1664 2451 porci,

378 2468 437 2533 hoc
458 2482 504 2530 est
524 2467 700 2529 inmunditia
722 2487 787 2529 mea
809 2487 879 2529 cunt
900 2466 982 2527 omui
1004 2465 1195 2548 turpitudine,
1210 2469 1278 2551 quia
1299 2487 1369 2529 cum
1384 2465 1588 2550 largitionibus
1610 2470 1663 2531 im·

379 2568 514 2644 mundis;
536 2582 565 2631 et
587 2566 663 2629 istud
686 2566 768 2629 ledus
789 2581 834 2627 est
854 2566 1035 2648 descriptum
1056 2568 1085 2628 io
1106 2565 1190 2628 altari
1208 2568 1283 2649 regis
1305 2566 1420 2643 insemi,
1441 2588 1493 2629 seu
1515 2566 1666 2631 diaboli...

380 2667 468 2732 Unde
489 2688 546 2750 ego
569 2686 626 2728 non
655 2686 706 2729 ero
738 2685 857 2748 pauper,
880 2664 947 2727 licet
968 2686 1087 2747 serpeus
1116 2686 1263 2728 venenosa
1291 2665 1406 2750 frangat
1433 2668 1554 2751 pinguia
1575 2684 1668 2751 septa,

379 2768 455 2832 idest
475 2766 591 2829 stabula
612 2787 669 2850 qne
690 2766 832 2829 claudunt
847 2786 962 2847 pecora,
984 2781 1012 2826 et
1028 2765 1095 2828 licet
1117 2768 1170 2848 ipsi
1192 2766 1302 2848 domiui
1320 2766 1430 2829 iaciant
1450 2768 1480 2829 in
1501 2768 1589 2831 simul
1612 2768 1669 2832 bel·

381 2865 443 2930 lum
465 2882 496 2930 et
517 2865 651 2949 frangant
680 2866 742 2948 ipsa
764 2864 891 2928 claustra
919 2864 1073 2928 ecclesie...
1095 2881 1125 2929 et
1147 2865 1215 2928 licet
1235 2888 1329 2928 annus
1351 2866 1467 2943 sterilis,
1488 2869 1551 2929 sine
1571 2866 1668 2931 t‘ructu

381 2965 489 3028 aducat
510 2981 636 3027 mortem
660 2963 774 3048 populis
796 2980 826 3027 et
847 2965 917 3047 ipsis
937 2966 1097 3049 segetibus,
1118 2986 1178 3027 nou
1197 2985 1248 3028 ero
1269 2986 1389 3050 pauper,
1408 2981 1523 3029 tautum
1545 2969 1670 3052 pecunie

380 3064 542 3128 infodimus
564 3080 594 3128 et
614 3064 825 3147 sepeliisiurus.

469 3162 557 3227 Tolle:
569 3165 736 3247 Respondet
752 3162 919 3247 psasrrphilus
931 3187 939 3226 ι
953 3185 1073 3227 remove
1087 3165 1124 3227 ab
1133 3164 1228 3227 oculis
1244 3168 1317 3228 meis
1332 3165 1472 3229 iniemale
1485 3167 1670 3245 sacrifitium,

381 3263 462 3348 quod
483 3261 764 3345 deusomnipotens
786 3278 815 3324 et
836 3264 942 3325 cristus
964 3263 1091 3336 embuit,
1106 3264 1180 3325 idest
1202 3265 1238 3326 ad
1260 3264 1493 3327 erubescentiam
1511 3266 1624 3344 habuit,
1640 3282 1670 3329 et

382 3361 523 3446 splendor
543 3360 613 3424 solis
640 3361 741 3424 debuit
769 3362 892 3424 erubere
919 3380 1039 3447 propter
1069 3364 1127 3426 tale
1155 3366 1338 3428 sacrifitium.
1366 3402 1386 3413 -
1418 3365 1504 3428 Rude
1525 3382 1670 3451 temptare

383 3461 506 3524 iterandos·
525 3459 685 3546 procellos:
707 3477 737 3524 tu
761 3478 845 3545 potes
868 3461 941 3525 bene
962 3479 1159 3547 transportare
1181 3464 1335 3527 ecclesiam
1351 3486 1514 3543 romanam,
1528 3469 1596 3551 quia
1611 3470 1669 3530 iam

383 3575 426 3623 est
448 3560 498 3623 diu
520 3560 600 3645 quod
629 3561 689 3644 ipsa
712 3561 850 3647 relinquit
873 3566 987 3646 propias
1008 3564 1091 3625 sedes
1113 3580 1142 3626 et
1163 3581 1241 3627 errat
1262 3566 1371 3648 ignaris
1392 3565 1528 3644 collibus,
1548 3569 1617 3651 qnia
1639 3569 1668 3629 in

383 3660 523 3723 avinione
545 3676 588 3723 est
610 3681 725 3744 egressa
748 3677 845 3744 partes
868 3683 1003 3725 rotnanas
1025 3680 1054 3726 et
1077 3685 1190 3726 romam
1213 3664 1389 3742 honestam3
1411 3665 1459 3728 illa
1476 3667 1606 3749 gaudeus
1626 3687 1670 3731 sc·

382 3760 484 3845 quitur
505 3776 534 3822 te
556 3776 585 3822 et
607 3761 667 3843 ipsa
696 3762 836 3849 nteretris
865 3761 977 3825 famosa
1009 3764 1098 3826 ducet
1125 3785 1226 3827 secum
1255 3785 1360 3848 procos
1390 3781 1419 3827 et
1440 3783 1596 3844 amatores,
1617 3788 1668 3830 seu

384 3858 548 3923 cardinales
570 3860 691 3922 uitiosos
713 3862 805 3923 etsie
826 3882 914 3945 yrcos
935 3864 1057 3926 letentes
1078 3865 1146 3949 quia
1168 3866 1227 3926 iam
1250 3863 1345 3947 placet
1366 3867 1481 3927 mansio
1502 3867 1656 3929 avinionis.

468 3958 583 4021 Cereale:
606 3961 774 4044 Respondet
796 3964 901 4025 hiitio:
924 3963 993 4046 quid
1014 3963 1086 4025 dicis
1107 3979 1139 4026 tu
1162 3963 1199 4026 de
1219 3964 1385 4027 carceribus
1406 3979 1436 4027 et
1456 3965 1616 4029 crucibus?
1637 3982 1668 4030 tu

384 4077 415 4120 es
436 4056 544 4141 dignus
566 4075 681 4142 gestare
701 4075 830 4137 catenas,
852 4074 897 4122 est
924 4075 974 4123 tua
995 4060 1111 4123 lortuna
1139 4065 1246 4124 sinon
1273 4084 1304 4124 ee
1324 4062 1444 4126 oblitus.
1465 4065 1520 4126 ista
1549 4079 1593 4127 est
1624 4086 1670 4127 res
1713 4112 1716 4116 ›

384 4156 536 4241 divulgata
560 4179 610 4241 per
630 4160 730 4222 onmia
753 4160 837 4224 loca:
859 4163 882 4222 si
906 4181 962 4244 ego
983 4161 1061 4224 male
1081 4177 1178 4225 tracto
1193 4163 1348 4226 ecclesiam
1363 4164 1420 4241 dei,
1435 4180 1514 4227 certe
1528 4179 1561 4227 tu
1575 4166 1670 4249 peius,

384 4259 453 4344 quia
476 4260 589 4342 negasti
611 4260 698 4321 deum
723 4276 766 4323 ter
793 4277 822 4324 et
852 4261 968 4344 soluisti
991 4282 1056 4324 eam
1085 4263 1287 4348 derelinquere
1313 4280 1433 4348 propter
1454 4285 1594 4328 neronem
1615 4287 1671 4328 su-

385 4355 521 4440 perbum,
543 4359 595 4420 nisi
625 4361 731 4422 cristus
757 4362 848 4446 tristis
869 4360 906 4422 de
933 4360 990 4423 hoc
1011 4364 1174 4444 preciperet
1196 4362 1248 4425 tibi
1270 4363 1387 4426 firmare
1409 4366 1497 4426 istam
1518 4363 1619 4449 lugam
1640 4367 1670 4428 in

386 4457 432 4518 ria
454 4472 482 4518 et
505 4456 613 4521 laceret
636 4473 664 4521 te
688 4461 813 4536 reuerti3
836 4479 893 4543 ego
914 4460 1036 4524 dimieto
1059 4462 1208 4548 relinqua:
1229 4480 1373 4547 quantum
1400 4463 1477 4547 luisti
1501 4464 1594 4528 fidelis
1614 4465 1671 4528 deo

384 4558 413 4618 in
437 4555 522 4620 rebus
544 4557 688 4621 aillictis...
709 4596 729 4607 -
753 4562 787 4621 iz't
801 4559 890 4645 fugi:
914 4563 1081 4644 Respomlct
1102 4562 1290 4646 pattmhilns:
1318 4566 1341 4625 si
1364 4586 1420 4649 ego
1449 4564 1520 4650 iugi,
1541 4586 1598 4651 ego
1620 4588 1671 4629 re-

384 4677 486 4719 tersus
508 4657 548 4721 tui
570 4675 600 4722 et
621 4662 745 4740 sustinui
769 4660 884 4742 flagella
918 4663 1008 4747 iniqui
1032 4666 1189 4725 neronis...
1219 4680 1247 4726 et
1277 4682 1308 4726 tu
1330 4686 1418 4749 quam
1441 4686 1558 4728 causam
1579 4666 1670 4730 habes

379 4756 538 4840 fugiendi?
559 4778 612 4822 cur
634 4759 773 4846 relinquis
796 4761 921 4825 claustra
945 4783 1027 4826 rome
1039 4785 1050 4806 r
1102 4764 1137 4825 ad
1159 4785 1248 4850 quem
1275 4763 1373 4827 locum
1396 4765 1486 4827 trahis
1507 4765 1604 4829 ctat-es
1625 4787 1671 4831 ec·
