4125 5217
1803 420 1866 468 11.
1911 420 2289 472 nucoucuu
2338 424 2600 474 CARMHN
3360 436 3470 484 111

914 1680 1197 1786 Quam
1249 1681 1519 1792 Egloge
1577 1681 1988 1765 titulusest:
2044 1681 2409 1765 Uedulus.
2471 1731 2517 1746 -
2577 1683 3065 1769 Collocutores
3106 1685 3363 1770 Gallus
3418 1704 3482 1772 et

1132 1844 1504 1929 Tirrenus.
1564 1897 1583 1912 ·

730 2467 742 2507 ἰ.
854 2467 874 2511 ‚3
931 2435 979 2443 ν
1023 2390 1276 2503 :male
1334 2393 1510 2499 quis
1570 2394 2005 2498 ingenium,
2067 2394 2259 2476 tanti
2317 2394 2493 2501 quis
2553 2394 2900 2477 muneris
2959 2398 3255 2478 usum?

730 2507 750 2627 ζ
971 2555 975 2559 ·
1095 2547 1103 2631 j
1164 2518 1272 2600 Ut
1330 2520 1646 2600 niveum
1708 2522 2106 2626 compegit
2164 2520 2377 2616 ebur,
2438 2549 2875 2630 nervosque
2936 2521 3343 2629 loquentes

710 2631 1111 2763 1.³,-—.ffi2³
1163 2643 1486 2728 Addidit
1542 2673 1628 2726 ac
1688 2649 2109 2728 numeros!
2170 2647 2343 2741 Dic,
2404 2674 2454 2729 o
2515 2647 2868 2743 Tirrene,
2928 2650 3103 2756 quis
3161 2646 3352 2730 ille?

915 2771 1323 2857 Dedalus?
1381 2773 1610 2854 Anne
1667 2771 1865 2854 alius
1923 2774 2182 2856 dextre
2238 2802 2642 2856 successor
2698 2795 2774 2857 et
2832 2776 3074 2856 artis?

495 2905 653 2990 Τίν’.
834 2898 1265 3010 ([Dedalus
1325 2899 1491 3008 ipse
1548 2897 1717 2995 fuit,
1776 2926 1916 2982 nec
1976 2898 2261 2983 falleris
2318 2902 2612 2998 omine,
2674 2900 2922 2997 Galle,
3463 2941 3486 2980 s

912 3025 1328 3110 Artificum
1384 3046 1662 3135 stupor
1718 3046 2050 3123 eternus,
2109 3055 2347 3135 quem
2406 3026 2635 3110 docta
2693 3048 3130 3136 potensque

913 3153 1241 3237 Miratur
1299 3175 1570 3236 natura
1624 3153 1933 3247 virum;
1997 3154 2239 3237 michi
2298 3156 2691 3238 maximus
2752 3152 2883 3237 ille

913 3280 1298 3387 Argutam
1357 3279 1567 3363 dedit
1625 3280 1819 3363 hanc
1878 3279 2251 3363 citharam
2313 3281 2851 3389 plectrumque
2910 3281 3374 3389 modosque.

409 3448 413 3451 ·
484 3406 653 3493 Gal.
830 3405 1162 3513 [Cuius
1221 3434 1445 3520 ampr
1503 3407 1817 3489 meriti?
1878 3408 2100 3488 cuius
2159 3407 2678 3514 pulcherrima
2739 3409 3093 3490 merces?
3244 3403 3264 3418 ‘

493 3536 649 3618 Tit.
827 3529 1258 3639 [Nullius.
1320 3534 1530 3615 Nam
1586 3552 1869 3639 sponte
1928 3560 2196 3615 meum
2255 3535 2592 3641 quesivit
2649 3561 3029 3630 amorem,
3083 3626 3088 3631 ,

913 3657 1223 3766 Dignus
1282 3686 1515 3766 quern
1575 3657 1792 3755 silve,
1853 3687 2087 3768 quem
2148 3689 2356 3767 grex,
2417 3688 2652 3770 quem
2712 3681 2978 3768 pastor
3035 3659 3322 3743 adoret.

483 3785 653 3871 Gal.
825 3783 1101 3892 [Qua
1155 3805 1415 3867 tamen
1475 3784 1615 3868 hec
1673 3787 1988 3893 regione
2045 3785 2186 3869 tibi
2244 3815 2416 3869 sors
2474 3786 2711 3870 obvia
2765 3788 3039 3869 venit?

490 3915 647 3997 Tir.
824 3909 1048 4017 (IEst
1106 3937 1384 3993 nemus
1443 3912 1765 4002 aerium,
1822 3911 2169 3995 trabibus
2232 3942 2393 4022 quo
2453 3912 2732 4021 frigida
2790 3914 3104 4021 quernis

911 4033 1348 4119 Submovet
1405 4037 1683 4120 umbra
1738 4038 1999 4132 die1n;
2063 4067 2228 4121 non
2287 4040 2447 4122 illic
2506 4069 2712 4137 aura,
2774 4068 2916 4121 nec
2973 4060 3208 4134 estus,

911 4165 1102 4247 Non
1141 4166 1400 4273 gregis
1442 4183 1574 4247 aut
1614 4165 2034 4248 hominum
2079 4194 2361 4248 vernos
2402 4168 2687 4275 premit
2728 4167 3027 4274 ungula
3064 4165 3348 4257 flores;
3438 4203 3486 4242 rs

912 4288 1292 4374 Fontibus
1352 4292 1637 4373 aversis
1696 4293 1988 4375 circum
2049 4292 2209 4374 duo
2271 4292 2601 4376 flumina
2653 4314 3015 4401 surgunt,

912 4419 1088 4500 Hoc
1144 4437 1349 4501 secat
1409 4418 1800 4515 EtruscOS,
1860 4422 2049 4528 petit
2110 4420 2305 4502 illud
2363 4422 2672 4528 gurgite
2734 4423 3125 4506 Romam:

912 4545 1085 4641 Hic,
1145 4545 1364 4653 quasi
1424 4547 1727 4628 venturi
1787 4575 2186 4655 presagus,
2247 4548 2493 4629 tristia
2552 4576 2865 4631 mecum

1050 4784 1118 4837 V.
1161 4795 1257 4848 17:
1296 4791 1542 4836 etruscos.
