4125 5217
391 410 448 477 142
576 464 578 469 k
891 406 1040 453 turonio
1065 406 1170 453 avesa

383 542 591 557 ’.αα-.-Η-
612 540 733 549 ——m-
762 540 782 548 .-

386 672 668 778 Pertesumque
699 668 830 775 inopis
859 666 997 771 studii;
1028 664 1264 774 tandemque
1294 665 1514 772 relinquens

389 803 493 884 Arva
522 800 681 892 inarata,
711 825 834 901 vagus
863 795 972 877 silvis
1001 793 1194 902 spatiabar
1223 794 1372 901 apricis,

389 930 536 1011 Verum
565 926 666 1008 inter
694 920 881 1030 scopulos
911 919 1141 1028 nodosaque
1170 919 1310 1002 robora
1338 945 1501 1026 quercus

391 1055 571 1138 Creverat
601 1050 648 1132 ad
678 1051 803 1158 ripam
834 1047 939 1153 flurij
972 1047 1231 1155 pulcherrima
1260 1045 1401 1127 laurus.

393 1180 482 1264 Huc
510 1178 655 1287 rapior,
686 1175 888 1282 dulcisque
916 1172 1036 1256 semel
1067 1194 1278 1282 postquam
1308 1173 1434 1280 attigit
1464 1170 1612 1260 umbra,

393 1305 613 1392 Omnisin
642 1303 742 1386 hanc
771 1321 915 1393 verton
946 1300 1059 1383 cessit
1089 1328 1175 1382 mea
1206 1301 1329 1408 prima
1357 1299 1551 1407 uoluptas.

395 1432 577 1519 Rusticus
609 1427 723 1512 ardor
751 1449 841 1523 erat,
871 1426 937 1509 sed
966 1449 1044 1510 erat
1074 1427 1318 1533 gratissimus
1347 1425 1461 1508 ardor

395 1557 464 1643 Ille
494 1556 614 1640 michi
646 1558 815 1651 insuet0,
845 1555 911 1662 qui
942 1583 1016 1650 me,
1048 1551 1229 1638 mortalia
1258 1581 1415 1661 prorsus
1657 1590 1682 1626 η

395 1684 581 1771 Oblitum
612 1681 967 1789 immemoremque
996 1682 1087 1776 mei,
1119 1682 1345 1763 meminisse
1374 1669 1528 1772 iubebat

397 1812 509 1894 Hanc
538 1836 672 1904 unam,
703 1836 890 1915 curasque
918 1828 955 1890 et
982 1827 1114 1891 totum
1142 1807 1220 1891 huc
1249 1806 1404 1890 volvere
1431 1827 1598 1913 tempus

397 1936 463 2020 Sic
493 1936 592 2018 ruris
622 1934 795 2017 desertus
825 1934 968 2030 ltonoS,
998 1955 1035 2017 et
1064 1934 1250 2043 quicquid
1280 1934 1319 2016 in
1348 1961 1458 2016 enses

399 2063 620 2171 precipitat,
652 2090 726 2169 pax
756 2082 861 2168 parta
891 2062 1025 2157 animi,
1057 2061 1238 2170 pulsique
1266 2060 1480 2175 tumultus:

398 2190 480 2271 Has
509 2216 586 2296 ego
616 2187 767 2270 delitias
797 2209 834 2271 et
861 2216 970 2296 opes,
1000 2187 1071 2269 hec
1100 2216 1218 2294 regna
1247 2188 1390 2295 putavi.

180 2321 336 2404 Satist
361 2316 558 2423 [Pergus
578 2314 685 2412 Quis
715 2314 859 2397 interea
887 2313 1053 2422 neglecti
1082 2315 1214 2398 vultus
1243 2315 1385 2423 agelli?

180 2444 252 2529 Sil.
355 2442 484 2549 [Nec
514 2441 622 2537 novi,
653 2468 724 2523 nec
754 2469 871 2525 nosse
898 2441 1034 2535 velim;
1066 2442 1186 2524 michi
1217 2441 1344 2525 laurea
1373 2469 1461 2523 cure

400 2566 494 2650 Sola
522 2566 608 2651 fuit.
640 2566 716 2650 Sed
747 2569 838 2665 iam,
868 2568 1044 2651 Socrates
1072 2618 1086 2630 ·
1115 2570 1275 2677 ignosce
1302 2617 1317 2630 ·
1343 2567 1581 2676 gemendum
1610 2588 1678 2649 est.

176 2676 245 2776 So.
356 2693 488 2796 (Umo
518 2724 602 2801 age,
633 2723 762 2803 perge,
795 2723 947 2801 precor;
979 2696 1119 2803 pariter
1148 2694 1437 2778 lacrimabimur
1465 2693 1595 2786 ambo,

352 2871 353 2875 κ
393 2818 600 2927 'Et-pietas
631 2823 858 2904 communis
886 2822 991 2904 enim
1021 2842 1059 2905 et
1089 2824 1232 2905 iactura
1260 2822 1461 2929 dolorque.
1665 2860 1689 2898 a

182 2942 252 3027 Sil.
363 2943 554 3048 [Laurea
583 2946 686 3030 culta
716 2946 850 3043 michi,
880 2975 949 3030 nec
978 2976 1042 3031 me
1070 2950 1169 3032 situs
1198 2969 1371 3058 asperet
1400 2947 1561 3031 horrens

404 3072 540 3154 Arcuit
569 3072 753 3179 incepto;
784 3074 951 3182 proprijs
981 3103 1051 3157 nec
1079 3074 1228 3157 viribus
1257 3103 1386 3169 ausus,
1442 3153 1444 3156 ,

403 3196 593 3280 Externos
622 3195 734 3280 volui
764 3199 967 3283 consultor
995 3200 1099 3284 adire
1128 3200 1307 3284 colonos.

403 3325 487 3407 Nec
515 3322 636 3429 longe
665 3346 822 3408 tenuere
851 3328 923 3423 vie,
953 3355 1023 3409 nec
1051 3347 1208 3435 tempus
1237 3330 1417 3436 iniquum

390 3451 461 3532 -Ac
490 3448 633 3533 durum
663 3451 826 3536 tardavit
856 3481 969 3560 opus.
1000 3454 1169 3561 Vulgata
1197 3455 1375 3538 tenebam

404 3575 537 3658 Ascrei
567 3575 748 3659 consulta
777 3578 902 3672 senis;
932 3601 1063 3662 tamen
1092 3579 1208 3663 altius
1239 3582 1291 3662 ire

404 3701 517 3784 Mens
548 3724 639 3798 erat,
670 3732 713 3785 ac
742 3706 856 3811 varijs
885 3705 1004 3788 artem
1035 3705 1204 3788 solidare
1234 3708 1441 3815 magistris.

404 3827 494 3910 Dux
523 3828 644 3912 michi
676 3830 808 3913 nullus
837 3853 928 3928 erat,
958 3834 1034 3915 nisi
1064 3862 1177 3915 amor
1205 3832 1410 3942 fervorque
1438 3832 1606 3918 videndi.

403 3953 582 4037 Primum
615 3955 685 4037 iter
714 3956 754 4038 in
786 3960 954 4055 Latium,
984 3987 1060 4066 qua
1089 3959 1251 4067 pulcher
1279 3962 1444 4044 Mintins
1474 3960 1561 4056 uda,
1597 4050 1599 4053 Α

404 4080 600 4162 Formoso
631 4081 678 4163 de
706 4103 812 4191 patre
841 4085 983 4182 oriens,
1013 4086 1186 4169 interluit
1215 4114 1314 4169 arva.
1668 4126 1694 4165 rs

405 4206 480 4287 Hic
509 4228 695 4289 venetum
725 4207 838 4290 celsis
867 4232 1061 4293 extantem
1092 4213 1132 4293 in
1162 4212 1324 4296 milibus
1354 4242 1478 4296 unum

405 4332 619 4427 Pastorem,
651 4334 864 4440 agricolam
888 4333 1200 4446 'bellatoremque
1229 4340 1402 4422 vicissim

369 4536 372 4543 .
405 4460 676 4565 Conspiciern,
707 4459 836 4544 dextre
865 4461 1136 4546 modulantem
1166 4466 1206 4546 in
1235 4468 1375 4548 vertice
1404 4467 1497 4574 ripe,

477 4730 508 4782 Υ.
527 4748 575 4796 44:
595 4732 684 4783 latium
696 4769 740 4792 .,.
753 4734 867 4786 mintius.
888 4765 896 4776 ·
916 4736 948 4789 V.
967 4748 1015 4802 47:
1037 4737 1194 4805 Agricolam.
