4125 5217
175 4143 186 4172 ·.
201 4140 303 4181 trs-sao

804 388 836 439 tn
859 389 1047 440 nucotrcun
1071 390 1202 474 canum
1584 389 1645 459 ²7¹

369 667 430 733 quo
450 664 537 713 autor
556 649 697 735 loquitur,
713 649 770 713 t'uit
784 649 926 714 Nicolaus
948 649 1099 713 Tribunus
1121 650 1172 734 qui
1194 650 1426 712 virtuosissimus
1446 649 1502 713 fuir
1523 665 1553 713 et
1574 665 1656 714 tena-

370 754 442 833 po'te
461 749 583 827 autoris,
603 750 733 813 maxime
753 748 923 833 eloquentie
938 751 982 811 vir
1002 763 1032 811 et
1054 748 1134 812 urbis
1155 747 1321 812 dominium
1342 748 1446 813 habuit
1468 765 1497 814 et
1510 751 1588 834 cepit
1610 772 1657 835 pa·

371 849 459 912 triam
480 862 643 913 restaurare
663 864 693 912 et
714 850 846 912 tirannos
868 862 898 910 et
919 868 1006 910 sevos
1027 848 1166 910 dominos
1193 846 1339 931 deponere
1360 865 1389 910 et
1411 848 1576 913 libertatern
1598 871 1658 933 po-

372 947 433 1031 puli
454 950 580 1014 Romani
601 946 797 1033 desperditam
819 947 983 1011 sublevare.
999 982 1019 995 -
1032 947 1162 1010 calcare:
1183 949 1252 1031 quia
1266 948 1314 1011 isti
1337 947 1450 1012 nobiles
1472 950 1568 1033 ipsum
1589 969 1659 1034 sepe

372 1062 620 1132 contempserant.
640 1083 662 1096 -
681 1046 790 1112 silvas:
811 1046 957 1131 populum
985 1066 1142 1111 romanum
1169 1047 1224 1110 sibi
1254 1062 1415 1132 parentem.
1443 1083 1463 1097 -
1490 1048 1659 1112 ripaeorum:

375 1148 549 1233 Capitolii·
568 1148 688 1234 petria:
708 1149 738 1210 in
760 1147 901 1232 capitolio
922 1167 1012 1232 quent
1035 1146 1133 1210 locum
1148 1149 1207 1210 iam
1229 1149 1377 1231 inceperat
1392 1168 1534 1232 reparare.
1555 1184 1565 1196 -
1585 1168 1659 1211 rure

372 1267 560 1333 gregemque:
572 1283 584 1296 ·
597 1248 733 1313 civitates
754 1262 784 1310 et
805 1247 961 1331 populum,
982 1248 1051 1332 quia
1074 1249 1225 1311 Ronaanus
1241 1246 1367 1331 populus
1381 1248 1478 1332 ipsum
1500 1247 1659 1312 Nicolaum

374 1348 470 1430 Rentij
492 1347 523 1410 in
544 1345 712 1412 Tribunum
734 1344 827 1429 piebis
848 1365 918 1408 cum
939 1341 1057 1408 sununs
1070 1359 1225 1431 potestate
1244 1344 1356 1429 delegit
1376 1342 1458 1429 (1).“

453 1448 583 1509 Parent:
598 1446 729 1510 ostendit
749 1444 840 1530 quod,
861 1459 1020 1529 postquam
1042 1443 1183 1508 Nicolaus
1202 1443 1338 1507 tribunus
1359 1445 1395 1507 au
1418 1445 1549 1529 regimen
1571 1443 1661 1508 Urbis

374 1559 543 1629 assumptus
564 1559 619 1622 est,
639 1543 694 1607 sibi
715 1545 815 1606 omnia
842 1542 982 1627 parebant
1003 1559 1033 1606 et
1054 1545 1154 1605 omnia
1181 1542 1337 1606 salubriter
1364 1542 1546 1626 gubernabat
1573 1564 1661 1606 sensu

374 1660 405 1708 et
424 1644 567 1729 potentia,
588 1644 618 1706 el
630 1642 942 1706 'malosi's‘ub'ins'tilia
958 1642 1142 1725 puniebat'ei
1162 1643 1307 1726 predones
1317 1648 1357 1705 'et'
1370 1641 1537 1706 alios”t'a'tii'
1548 1643 1664 1707 iiobiles'
1688 1649 1691 1655 '

374 1763 465 1830 quam
485 1742 625 1828 plebeios.
646 1777 667 1791 ·
686 1742 805 1806 seniles:
827 1744 930 1805 matris
953 1746 1058 1818 Rome,
1080 1762 1138 1826 qne
1159 1762 1248 1805 senex
1270 1757 1341 1804 erat.
1363 1777 1374 1790 ·
1394 1763 1475 1805 carre:
1496 1744 1663 1826 potentia.-

375 1841 503 1929 loqueis:
523 1843 645 1906 iustitia.
665 1877 687 1891 -
706 1840 828 1905 arbore:
849 1840 939 1905 furcis
961 1842 997 1904 acl
1013 1841 1142 1904 latrones
1162 1840 1424 1925 suspendendos...
1438 1876 1458 1888 -
1472 1840 1508 1903 nb
1522 1841 1663 1904 ouilibus:

375 1964 393 2006 a
412 1942 540 2028 populis,
561 1943 612 2027 qui
632 1941 865 2026 spoliabantura
882 1943 1022 2005 dominis.
1038 1977 1058 1990 -
1071 1943 1191 2005 oviurn:
1206 1941 1317 2004 levium
1331 1941 1499 2005 hominum.
1512 1976 1533 1990 -
1541 1941 1663 2026 surum:

374 2057 531 2128 potentum
552 2056 582 2106 et
603 2057 786 2127 magnatum.
808 2077 829 2091 -
847 2042 949 2127 perles:
970 2041 1061 2128 aliqui
1084 2062 1136 2125 per
1159 2044 1258 2126 pedes,
1279 2041 1370 2125 aliqui
1398 2041 1477 2105 collo
1497 2041 1664 2126 suspende-

376 2141 492 2207 bantur.
512 2178 524 2191 ·
544 2162 648 2207 ursus:
668 2142 776 2205 domus
797 2143 834 2204 tle
856 2143 963 2205 ursinis
990 2143 1042 2227 qui
1063 2141 1196 2205 calcabat
1217 2140 1371 2225 populum.
1392 2175 1413 2189 ·
1433 2149 1522 2226 oper:
1543 2162 1596 2204 seu
1617 2161 1664 2204 co

375 2241 554 2308 lumnenses.
575 2278 596 2292 ·
617 2242 726 2332 leones:
746 2241 980 2306 hannibalenses.
1002 2278 1022 2290 -
1043 2242 1159 2326 aquile:
1180 2242 1310 2326 prefecti.
1330 2276 1352 2290 -
1372 2261 1480 2326 agnos:
1493 2241 1629 2326 populos.
1644 2277 1664 2290 -

376 2343 511 2407 Excelsa:
532 2341 690 2428 Capitolio.
704 2378 725 2391 -
745 2350 852 2405 custos:
875 2342 1020 2405 tribunus.
1035 2376 1054 2390 -
1069 2344 1196 2405 Pnsruo:
1214 2345 1428 2407 Romanorum.
1442 2376 1462 2389 -
1476 2340 1543 2404 liius
1557 2348 1664 2403 ulrum·

377 2462 449 2528 que:
469 2441 554 2505 italie
579 2457 609 2506 et
637 2442 756 2506 Affrice.
784 2477 804 2490 -
831 2461 965 2503 cornicar:
994 2440 1103 2504 samam
1131 2456 1161 2504 et
1188 2461 1294 2504 vocem
1322 2442 1368 2503 sui
1395 2441 1517 2523 dissidii.
1544 2475 1564 2487 -
1592 2439 1665 2524 ligu-

377 2562 518 2627 rumque.-
532 2541 704 2605 lombardie.
725 2577 745 2590 -
771 2540 945 2626 Undisrngi.
967 2543 1037 2626 quia
1058 2562 1140 2604 artare
1162 2542 1358 2625 repercutitur
1377 2542 1408 2603 in
1430 2539 1531 2624 peloro
1552 2555 1664 2602 monte.

376 2675 397 2689 -
415 2641 526 2727 pelori:
549 2642 659 2705 montis
680 2640 788 2716 Sicilie,
809 2643 879 2725 quia
900 2643 960 2703 iam
981 2640 1017 2702 nal
1039 2640 1204 2703 dominium
1225 2640 1325 2704 Sicilie
1339 2639 1461 2702 subacte
1482 2653 1663 2723 pervenerat.

376 2774 398 2788 -
416 2742 443 2803 si
461 2760 573 2803 vorem:
594 2741 719 2824 imperio
740 2760 805 2802 suo.
820 2774 840 2786 -
861 2759 999 2801 rrrnrrros:
1020 2739 1219 2802 occidentales
1241 2737 1376 2822 populos.
1398 2774 1417 2785 ·
1437 2739 1540 2800 indm:
1560 2740 1664 2800 orien-

377 2838 451 2902 tales
470 2838 606 2923 populos.
628 2873 648 2887 -
667 2840 809 2901 Arctoas:
837 2837 1092 2923 septentrionales.
1114 2873 1125 2886 ·
1149 2840 1316 2921 rarrslriqur:
1338 2836 1537 2900 meridionalis
1558 2852 1664 2899 ventus

378 2953 432 3002 eet.
451 2973 473 2987 -
493 2937 628 3002 cohibete:
651 2961 668 3000 a
689 2938 778 3001 malo.
799 2973 810 2985 ·
837 2938 982 3022 capellas:
1010 2938 1144 3000 subditos
1172 2954 1295 2999 vestros.
1317 2971 1337 2983 -
1357 2938 1394 2998 ile
1414 2937 1550 2999 doarium:
1571 2956 1590 2998 o
1611 2957 1664 2998 sos

377 3040 460 3102 stetis
480 3040 573 3124 quieti
595 3037 680 3101 rebus
708 3040 813 3101 vestris
841 3039 977 3122 proprijs.
998 3073 1018 3085 -
1039 3036 1126 3100 vallis
1147 3044 1172 3098 le
1190 3038 1335 3121 proriam,
1356 3056 1375 3098 o
1400 3037 1492 3119 Apin,
1520 3037 1601 3099 misit
1628 3036 1664 3097 ad

378 3137 490 3202 Urbem
512 3124 730 3204 Romanam:
742 3123 841 3199 '‘iil-ru.-
861 3140 930 3221 quia
945 3137 1101 3220 Spoletum
1122 3138 1152 3198 in
1174 3129 1475 3219 Appennino'monte
1492 3125 1697 3220 'esi.''-'“'gi?el‘“

377 3256 478 3321 gesque
494 3237 641 3322 protervi:
664 3238 733 3322 quia
754 3235 823 3298 mali
847 3250 916 3298 sunt
937 3236 1073 3298 homines
1097 3235 1251 3320 Spoletini.
1270 3270 1289 3282 -
1309 3235 1345 3297 Tr
1366 3234 1544 3319 longinqua:
1566 3237 1664 3298 Marti.

377 3370 399 3384 -
422 3335 524 3399 lellus:
552 3336 738 3399 Alamannia.
766 3371 786 3383 -
814 3335 943 3398 errurrs:
974 3335 1084 3399 fluvius
1107 3352 1152 3398 est
1172 3335 1359 3411 Alamannis,
1381 3356 1417 3397 ex
1442 3334 1600 3419 leopontijs
1627 3335 1666 3397 al·

378 3434 463 3518 pibus
484 3437 587 3498 oritur.
609 3439 689 3499 Nota
710 3437 835 3499 Ursinos
857 3451 887 3497 et
915 3434 1130 3499 Columnenses
1151 3457 1210 3498 non
1232 3455 1296 3497 esse
1323 3434 1482 3518 originales
1505 3437 1664 3499 Romanos.

378 3535 488 3620 Ursinij
510 3535 546 3599 tle
567 3534 654 3599 Valle
674 3535 854 3619 Spoletana;
876 3536 1092 3600 columnenses
1116 3537 1153 3598 de
1174 3537 1360 3599 Alamannia.
1381 3570 1402 3583 -
1423 3537 1507 3597 Nunc
1528 3536 1644 3597 rnerrrini
1654 3561 1665 3596 :

377 3635 457 3722 quod
478 3656 538 3698 non
559 3656 662 3699 sumus
682 3636 795 3720 antiqui
818 3638 931 3698 romani
954 3636 1015 3719 (a).

448 4100 488 4164 (t)
499 4094 560 4173 [Cr]
582 4100 685 4151 Tertius
704 4102 764 4151 ille:
783 4100 905 4152 Nicolans
924 4099 1043 4160 Seuerus,
1062 4100 1129 4152 elme
1147 4099 1226 4152 Urbis
1245 4100 1364 4151 trlbnnus
1383 4098 1499 4151 illustris.
1568 4161 1577 4171 .

448 4184 497 4262 [bl]
514 4191 607 4241 Fmrer
622 4192 723 4242 minor:
742 4190 860 4242 tribunus
879 4190 948 4242 enim
967 4190 1010 4243 ille
1036 4190 1140 4242 nomine
1164 4190 1278 4241 nicolaus
1301 4190 1419 4257 laurentij
1446 4189 1531 4257 puniri
1557 4187 1663 4240 iaciebat

375 4277 515 4347 improbos.
534 4279 646 4331 Elium
663 4280 786 4347 suspendi
806 4280 897 4332 lecerat
916 4280 1056 4331 blartinum
1070 4281 1215 4331 Romanum
1230 4279 1341 4347 plurium
1355 4289 1479 4330 terrarum
1492 4291 1518 4331 et
1531 4278 1662 4330 ciuitatum

377 4368 519 4421 dominum.

448 4462 486 4527 (a)
503 4476 596 4513 ursan:
614 4462 706 4512 domus
726 4460 821 4512 ursina.
841 4489 851 4500 ·
868 4469 942 4527 uper:
961 4461 1053 4511 domus
1071 4458 1285 4511 columnensium.
1306 4488 1314 4498 ·
1334 4462 1446 4523 ungaris:
1464 4459 1514 4510 elia
1533 4460 1633 4511 domus.
1654 4487 1663 4497 ·

377 4552 475 4605 ornes:
491 4550 542 4602 alin
560 4552 661 4603 domus.
680 4580 691 4590 ·
709 4553 813 4618 oprrilr:
830 4552 923 4601 domus
943 4550 1043 4601 romani
1061 4550 1170 4601 comitis.
1193 4580 1200 4589 ·
1224 4565 1330 4616 ogram:
1352 4549 1481 4617 capitolio.
1505 4580 1513 4588 -
1534 4550 1664 4616 protervi:

376 4641 498 4710 quonism
516 4640 641 4709 Spoletini
659 4652 719 4692 sunt
738 4642 866 4708 loquaces.
885 4641 988 4692 luerunt
1004 4640 1074 4691 enirn
1095 4640 1183 4692 Ursini
1202 4641 1234 4691 de
1253 4640 1365 4707 Spoleto.

447 4730 494 4803 [N]
510 4748 582 4783 neme
600 4732 724 4783 nobilium
744 4731 896 4783 familiarum
920 4748 990 4783 rome
1015 4747 1063 4799 pro
1088 4731 1151 4799 ipsis
1176 4731 1279 4782 familiis
1304 4731 1396 4800 posite.
1415 4760 1426 4773 ·
1445 4732 1535 4798 lupos:
1558 4729 1665 4782 iores.-
