4125 5217
853 370 1005 420 amomo
1027 343 1135 421 menn

350 653 413 700 tum
435 638 524 710 intus,
547 649 684 695 notatum
706 634 816 716 asperis
845 633 937 715 penis.
960 634 1046 694 Heu!
1075 632 1177 716 quanti
1201 631 1283 714 pretij
1307 629 1365 706 ille,
1387 631 1500 693 habens
1522 632 1642 694 miseri-

349 736 491 810 cordiam,
524 732 648 794 redemit
684 731 828 815 populns!
852 729 901 792 ille
933 729 1027 792 botrus
1058 730 1196 791 dominos
1220 730 1342 791 redemit
1363 728 1527 793 humanum
1549 752 1642 812 genus

349 836 516 920 perditum3
545 831 595 894 ille
622 833 740 902 cristus,
768 833 881 914 primus
909 850 982 912 papa
1012 845 1118 904 rector,
1146 845 1291 913 quantum
1313 827 1368 891 luit
1389 828 1511 891 humilis
1532 847 1562 891 et
1583 850 1642 892 non

350 933 507 1018 superbus!
529 932 608 1017 qnod
632 952 691 993 non
713 931 800 993 debet
821 930 929 992 habere
943 931 1082 992 dominus
1097 928 1230 1004 ecclesie,
1252 929 1314 1013 ipse
1339 931 1444 993 cristus
1466 928 1520 992 init
1541 931 1642 992 sitiens

351 1047 382 1096 et
401 1030 516 1095 sobrius
537 1033 568 1094 in
589 1051 643 1092 sua
665 1028 798 1092 ecclesia.
1336 1104 1340 1113 ¹

432 1132 604 1195 lrnnumor:
626 1130 795 1212 Respondet
819 1129 923 1191 ilitio:
946 1126 995 1190 ille
1016 1128 1122 1192 cristus
1144 1147 1205 1189 non
1231 1126 1285 1189 luit
1308 1126 1381 1189 bene
1409 1148 1526 1190 memor
1546 1129 1591 1190 sni
1613 1145 1643 1191 et

352 1234 440 1296 nimis
460 1251 583 1307 asarus3
600 1246 679 1292 recte
701 1229 769 1291 iecit
790 1230 865 1291 sicut
888 1248 993 1290 avarus
1014 1228 1084 1313 quia
1105 1228 1206 1290 timuit
1227 1227 1348 1309 perdere
1368 1246 1473 1289 omncs
1495 1226 1643 1304 homines,

352 1331 417 1418 [sed
438 1333 499 1414 ipse
519 1331 663 1414 imposuit
685 1345 730 1391 tot
752 1343 780 1390 et
803 1344 884 1391 tanta
905 1325 998 1412 qnod]
1020 1347 1131 1411 pauens
1153 1325 1243 1389 ha'bet
1265 1343 1294 1390 et
1315 1325 1408 1411 [quod
1429 1325 1543 1411 plures]
1564 1328 1645 1390 anti-

352 1432 400 1494 sit.
429 1430 509 1493 Dicit
536 1430 643 1491 mitio:
675 1428 725 1491 ille
756 1430 862 1491 cristus
889 1447 948 1490 non
970 1429 1055 1511 piger
1086 1425 1189 1510 implet
1218 1425 1345 1510 prelatos
1372 1426 1534 1489 horrisonis
1561 1428 1644 1504 iocis,

352 1549 470 1614 semper
493 1530 615 1592 mandat
643 1528 723 1613 quod
751 1528 854 1613 prelati
883 1527 1038 1591 intendant
1064 1527 1101 1589 ad
1132 1548 1202 1590 cura
1228 1529 1392 1589 animarum
1421 1542 1451 1588 et
1478 1526 1646 1612 frequenter

353 1627 435 1692 iubet
455 1630 623 1711 inmergere
651 1626 784 1688 inlirmos
812 1626 961 1710 parvulos,
983 1625 1057 1687 idest
1079 1641 1261 1708 peccatores,
1281 1626 1311 1687 in
1334 1625 1511 1701 virtutibus3
1533 1628 1645 1710 etipse

352 1728 459 1794 cristus
479 1726 561 1790 iubet
582 1726 706 1788 tondere
727 1728 806 1810 ipsos
829 1742 1007 1809 peccatores,
1023 1746 1060 1786 ne
1083 1724 1168 1809 lappe
1183 1725 1323 1809 inplicent
1344 1748 1376 1787 se
1399 1725 1554 1788 velleribus
1572 1728 1645 1810 ipsa·

354 1850 421 1894 rum
442 1826 605 1913 pecudum
621 1842 650 1888 et
664 1826 714 1888 ille
728 1828 844 1900 cristus,
861 1824 1018 1910 prohibens
1035 1825 1161 1887 lascivos
1177 1842 1307 1909 prenset
1323 1824 1464 1909 repellens
1478 1847 1496 1887 a
1510 1825 1645 1888 claustris

354 1927 487 2003 ecclesie,
508 1941 538 1989 et
558 1926 615 1987 iste
642 1926 748 1987 cristus
776 1924 912 1986 ostendat
943 1922 1049 1985 herbas
1071 1923 1154 1997 viles,
1182 1941 1233 1984 seu
1263 1939 1429 2006 genestras;
1451 1944 1503 1986 seu
1526 1926 1645 1987 mandat

353 2045 408 2090 nos
429 2025 557 2110 prelatos
578 2023 695 2105 cibariis
718 2020 899 2106 vulgaribus,
914 2043 966 2084 seu
989 2021 1083 2084 rubris
1099 2036 1128 2083 et
1143 2021 1283 2084 miricis...
1300 2022 1361 2106 ipse
1375 2026 1481 2086 cristus
1502 2025 1646 2086 continuo

354 2139 485 2188 macerat
505 2144 575 2185 suos
604 2122 681 2185 filins
709 2122 909 2205 stangritudine
938 2138 967 2183 et
996 2119 1086 2205 gelu;
1118 2121 1206 2183 docet
1235 2140 1287 2183 nos
1315 2120 1452 2185 tollerare
1480 2122 1588 2186 famem
1617 2139 1646 2186 et

353 2244 543 2308 sompnum...
566 2222 618 2284 sed
640 2242 697 2305 ego
719 2242 771 2305 per
792 2222 972 2283 contrarium
995 2220 1101 2284 faciam
1117 2236 1146 2282 et
1163 2221 1301 2283 recordor
1315 2241 1362 2284 me
1383 2224 1493 2285 servire
1507 2222 1645 2309 dyabolo,

354 2338 384 2386 et
404 2321 495 2386 michi
516 2337 562 2384 est
582 2320 778 2405 magnilicum
799 2319 956 2403 profligare
978 2336 1010 2382 nt
1031 2321 1132 2382 darem
1148 2341 1219 2403 opes
1234 2319 1402 2383 omnibus...
1417 2323 1551 2385 doctrina
1565 2325 1644 2386 cristi

353 2441 422 2485 ecce
452 2420 524 2482 dicit
551 2420 631 2504 qnod
660 2439 714 2481 nos
746 2440 805 2480 nrm
834 2418 1001 2483 habitemus
1030 2422 1165 2483 civitates
1194 2435 1223 2482 et
1250 2421 1329 2505 quod
1357 2442 1411 2483 nos
1439 2422 1582 2483 cadamus
1609 2423 1645 2485 ad

353 2542 474 2585 nemora
495 2537 525 2583 et
546 2536 664 2583 montes
691 2523 807 2605 iniquos
840 2537 868 2582 et
890 2543 1008 2604 asperos
1041 2539 1071 2583 et
1102 2521 1311 2584 conculcemus
1334 2522 1538 2584 tribulationes
1559 2522 1646 2585 huius

354 2622 454 2684 mundi
478 2620 600 2704 pedibus
623 2619 718 2680 nudis.
742 2635 769 2681 et
792 2618 862 2682 dicit
885 2622 988 2682 naitio:
1011 2623 1067 2683 erit
1085 2621 1192 2706 aliquis
1207 2623 1256 2706 qui
1279 2621 1357 2684 dicat
1378 2621 1456 2705 quod
1478 2624 1540 2705 ipse
1561 2622 1647 2685 luerit

353 2737 437 2783 ortus
457 2723 493 2782 de
514 2740 603 2782 carne
625 2719 780 2781 humana?
808 2736 888 2782 certe
918 2741 986 2794 non,
1009 2736 1038 2782 et
1067 2742 1127 2781 non
1156 2720 1273 2783 videtur
1300 2737 1419 2804 propter
1446 2723 1518 2783 istos
1540 2743 1646 2786 mores.

354 2836 384 2883 et
405 2822 460 2882 erit
480 2818 586 2903 aliquis
608 2821 658 2903 qui
680 2820 759 2882 dicat
780 2820 877 2903 ipsum
900 2818 1008 2882 habere
1029 2818 1140 2881 multos
1162 2822 1297 2883 amicos?
1325 2838 1405 2883 certe
1426 2842 1496 2883 non.
1518 2822 1569 2884 sed
1590 2843 1647 2905 ego

354 2920 440 2981 mitio
461 2940 512 3002 per
533 2921 717 2981 contrarium
740 2918 844 2981 faciam
867 2936 896 2980 et
919 2919 1058 2981 recordor
1080 2940 1128 2982 me
1155 2921 1266 2985 servire
1293 2920 1411 2983 diabolo
1434 2923 1589 3004 potenti...
1611 2922 1647 2983 ad

354 3019 425 3103 qnid
445 3018 517 3080 deos
538 3017 607 3080 lecit
630 3021 685 3080 ista
708 3018 794 3093 bona,
816 3020 839 3080 si
862 3018 979 3081 volebat
1001 3018 1082 3103 quod
1104 3040 1158 3080 nos
1179 3018 1392 3082 abstineremus
1411 3020 1448 3083 ab
1470 3022 1565 3104 ipsis?
1585 3024 1647 3084 imo

354 3119 420 3202 quis
442 3133 598 3180 consumet
621 3133 666 3179 tot
689 3117 766 3178 bona
788 3133 861 3202 quot
883 3118 949 3179 data
971 3134 1041 3180 sunt
1064 3117 1147 3181 nobis
1164 3134 1193 3180 et
1214 3140 1272 3203 que
1293 3140 1399 3202 pecora
1421 3136 1560 3203 poterunt
1575 3143 1647 3183 um-

354 3236 443 3300 quam
464 3235 653 3277 comsomere
675 3232 719 3278 tot
740 3215 846 3277 herbas
867 3233 940 3301 quot
962 3235 1123 3279 nascuntur
1145 3219 1173 3278 in
1195 3219 1308 3300 pratis?
1326 3239 1397 3302 ergo
1419 3221 1576 3302 permictas
1597 3242 1647 3303 po·

355 3313 440 3398 pulos
462 3316 562 3398 cagarj
585 3331 615 3376 et
637 3336 729 3399 equos
758 3316 894 3392 lascivos,
912 3316 1064 3400 superbos,
1086 3323 1241 3400 protervos
1263 3316 1298 3378 ad
1322 3320 1513 3401 rapiendum3
1535 3336 1563 3382 et
1585 3341 1645 3403 per·

355 3416 512 3476 mictamus
534 3413 698 3476 cardinales
719 3415 828 3476 habere
849 3435 966 3490 uxores,
988 3432 1016 3478 et
1043 3436 1100 3499 ego
1121 3417 1184 3499 ipse
1205 3437 1278 3499 papa
1301 3416 1471 3501 voluptabo,
1491 3420 1562 3481 dum
1584 3422 1646 3503 ipsa

355 3513 475 3576 ecclesia
499 3535 564 3575 mea
588 3517 726 3597 epycnria
749 3514 828 3577 locet
850 3536 918 3590 me;
940 3536 1003 3592 vos,
1024 3518 1129 3593 sancti,
1151 3531 1266 3577 servate
1292 3517 1375 3578 vobis
1403 3535 1516 3580 nestros
1538 3540 1645 3582 mores.

355 3649 374 3661 -
397 3613 543 3697 infelici:
565 3614 735 3695 Respondet
765 3613 954 3698 l‘atnphilus:
977 3636 995 3676 o
1017 3614 1127 3690 infelix,
1149 3618 1190 3679 sic
1213 3619 1400 3699 recognoscis
1421 3620 1564 3680 eristum?
1584 3620 1645 3696 sed,

354 3713 424 3774 dum
447 3712 547 3775 credes
569 3728 600 3774 te
621 3732 685 3774 esse
707 3712 833 3789 felicem,
855 3728 919 3775 tom
941 3716 1050 3790 veniet,
1065 3714 1170 3777 iuditio
1191 3736 1246 3777 suo
1267 3733 1436 3799 prevertens
1456 3717 1563 3801 gaudia
1584 3733 1645 3780 tua.

870 4064 1021 4160 [Eunoen
1049 4066 1132 4161 VlL]

436 4408 558 4468 iirrlcinr
579 4408 622 4470 his
644 4408 745 4471 siluis:
768 4413 846 4471 Nota
868 4409 948 4493 quod
969 4412 1024 4472 ista
1047 4413 1171 4494 septima
1194 4411 1300 4496 egloga
1323 4429 1383 4475 erat
1406 4435 1462 4474 una
1484 4434 1553 4475 cum
1575 4433 1646 4495 pre-

354 4507 489 4581 cedenti;
511 4508 572 4583 sed,
601 4511 669 4592 qnia
694 4508 848 4570 videbatur
875 4508 976 4592 longa,
1005 4526 1092 4572 autor
1124 4510 1190 4573 lecit
1222 4533 1258 4573 es
1289 4512 1351 4595 ipsa
1372 4512 1454 4589 duas,
1476 4529 1505 4575 et
1534 4514 1563 4574 in
1591 4513 1644 4574 ista

321 4591 325 4598 ⁴
353 4608 480 4688 presenti
503 4622 590 4667 autor
611 4609 772 4670 introducit
794 4609 868 4669 dnos
891 4624 1033 4691 pastores,
1056 4631 1182 4693 qnorum
1205 4632 1281 4672 unus
1303 4627 1346 4673 est
1370 4599 1455 4673 nmio
1476 4634 1549 4696 papa
1579 4610 1646 4675 cle-

354 4706 461 4767 mentis
482 4720 511 4767 et
532 4705 607 4768 alius
636 4724 736 4790 pastor
764 4711 841 4793 Epy,
867 4709 962 4769 amica
996 4724 1024 4770 et
1054 4730 1129 4770 uxor
1159 4696 1249 4794 ipsius
1277 4709 1442 4773 clementis.
1464 4712 1555 4775 blodo
1581 4715 1643 4797 ipse
