4125 5217
408 365 473 435 226
914 376 1065 427 insonte
1089 376 1196 425 nvem

410 667 516 710 norum
538 660 568 708 et
595 643 683 706 dicit:
711 640 847 704 dolenter
875 638 969 703 reiero
1000 637 1179 721 irsgnrigna,
1206 637 1281 699 idest
1308 648 1414 701 tnsstra
1434 625 1700 713 tonus'lacerne,

409 748 493 832 quasi
521 746 620 809 dicat:
650 763 710 805 non
739 755 945 804 remanserunt
966 739 1058 801 michi
1091 738 1214 822 reliquie
1241 738 1278 800 de
1308 740 1399 800 domo
1428 760 1494 801 mea
1520 738 1599 803 heul
1626 739 1703 803 idest

362 885 364 888 -
410 844 540 907 dolenter
573 841 678 906 resero.
700 840 875 905 Costcllatio
904 860 970 901 mea
984 837 1100 900 infelix
1128 856 1194 900 tnee
1224 837 1344 901 domui!
1371 842 1454 924 quasi
1475 842 1575 905 dicat:
1603 843 1703 905 omnia

411 941 490 1007 male
510 943 683 1005 acciderunt
704 940 794 1003 nrichi
817 941 897 1002 intus
919 954 948 1001 et
970 953 1065 1014 extra,
1085 958 1138 1000 seu
1166 937 1196 999 in
1217 958 1295 1020 agro
1310 940 1395 1001 amisi
1416 938 1533 1003 divitias
1555 957 1585 1004 et
1606 942 1636 1004 in
1656 942 1705 1005 ci-

412 1045 504 1107 vitate
526 1042 601 1104 filios
623 1043 709 1103 artrisi
731 1056 761 1103 et
783 1059 916 1101 uxorem.
938 1038 1014 1100 idest
1036 1036 1136 1120 pluvie
1157 1038 1312 1120 impetrate
1333 1036 1456 1100 vocibus
1485 1054 1515 1101 et
1535 1042 1614 1102 votis
1634 1040 1704 1125 quid

412 1143 571 1206 valuerunt
592 1141 684 1204 michi
706 1155 736 1203 et
756 1138 908 1222 segetibus
928 1139 1038 1201 siccis?
1060 1152 1090 1199 et
1111 1157 1182 1199 cura
1203 1152 1233 1200 et
1253 1136 1422 1199 sollicitudo
1443 1139 1514 1222 quid
1536 1139 1627 1202 saluit
1648 1160 1706 1223 pe·

412 1243 501 1308 corii
515 1256 544 1304 et
566 1256 673 1304 ventus
694 1240 793 1301 suavis
814 1237 885 1322 quid
906 1236 1002 1301 valuit
1023 1236 1116 1299 bladis
1139 1237 1270 1299 nostris?
1291 1252 1319 1299 et
1340 1236 1454 1299 calores
1475 1237 1547 1300 solis
1567 1238 1637 1322 quid
1658 1260 1706 1301 va·

389 1339 556 1405 luerunt?
577 1340 661 1422 quasi
682 1339 782 1401 dieat:
812 1334 913 1410 nichil,
941 1352 971 1409 et
999 1356 1036 1399 ex
1064 1336 1124 1399 hoc
1146 1334 1301 1419 philogeus
1328 1337 1384 1398 iste
1408 1335 1538 1399 multum
1566 1337 1706 1422 dampnat

413 1442 507 1504 vitant
528 1422 708 1502 rusticanam
731 1452 761 1499 et
781 1436 872 1499 dicit:
894 1437 967 1500 dura
990 1452 1034 1499 est
1056 1434 1174 1498 iortuna
1197 1436 1384 1498 rusticorum.

491 1536 572 1601 bellis
603 1536 809 1599 brumalibus:
844 1535 893 1599 hic
923 1535 988 1620 ipse
1015 1534 1089 1597 fodit
1121 1549 1229 1598 terram
1257 1549 1287 1597 et
1318 1536 1380 1619 ipse
1409 1551 1504 1597 annat
1533 1537 1626 1619 ripam
1657 1535 1706 1598 illa

411 1653 490 1702 terra
510 1657 600 1722 quant
623 1638 685 1720 ipse
706 1636 775 1698 inde
795 1634 879 1711 fodit,
902 1649 931 1698 et
951 1635 1009 1698 hoc
1031 1650 1136 1697 contra
1159 1633 1248 1718 prelia
1271 1633 1396 1709 iemalia,
1418 1656 1470 1698 seu
1487 1636 1606 1720 quando
1627 1639 1708 1699 venit

412 1757 489 1820 aqua
508 1751 539 1799 et
560 1737 641 1799 nis...
664 1737 777 1817 etipse
800 1732 927 1798 rusticus
948 1736 1072 1817 suscipit
1094 1733 1187 1795 nubes
1209 1748 1358 1816 portantes
1380 1755 1471 1818 aquas
1492 1757 1509 1797 a
1532 1752 1622 1797 vento
1641 1756 1709 1798 me·

412 1834 547 1900 ridionali
569 1849 600 1897 et
622 1849 710 1897 torvo
725 1834 815 1897 oculo
836 1833 942 1916 etipse
963 1835 1081 1896 incusat
1094 1853 1196 1895 secmn
1219 1832 1333 1915 pluvias
1348 1832 1466 1895 inutiles
1488 1835 1601 1917 etipse
1623 1849 1708 1917 rogat

412 1951 442 1998 et
463 1935 583 1997 invocat
604 1950 709 1996 ventos
724 1935 890 1996 contrarios
906 1932 946 1995 illi
962 1948 1053 1995 vento
1068 1948 1098 1995 et
1120 1933 1239 1994 invocat
1253 1932 1315 1994 dies
1329 1931 1442 1995 habiles
1456 1933 1492 1995 ad
1515 1932 1708 1995 laborandum

414 2047 445 2096 et
465 2031 568 2115 fatigat
588 2031 660 2094 deos
681 2031 806 2094 celestes
827 2031 993 2116 precibus...
1007 2066 1018 2079 ·
1033 2030 1106 2093 adde
1126 2029 1240 2092 subitos
1261 2032 1377 2113 inpetus
1397 2030 1556 2093 oblivionis
1571 2030 1709 2114 (alluvio-

414 2132 498 2215 nisi)
519 2133 620 2215 inique
642 2146 671 2193 et
693 2131 769 2194 adde
788 2130 869 2215 quod
890 2129 988 2193 ierunt
1017 2129 1155 2192 volucres
1184 2145 1300 2193 stranee
1326 2151 1385 2216 que
1413 2147 1530 2193 vastant
1558 2152 1708 2215 campum.

413 2232 485 2314 quid
506 2231 595 2315 plus?
615 2231 736 2316 quando
750 2231 858 2292 domus
872 2231 951 2292 cadit
965 2251 1054 2313 supra
1070 2231 1192 2313 ipsum?
1213 2245 1242 2291 et
1256 2231 1374 2313 quando
1388 2229 1495 2293 domus
1510 2232 1708 2294 incenduntur

415 2346 446 2395 et
465 2333 643 2416 quandoque
665 2352 717 2415 per
738 2330 850 2393 lurtum
873 2331 1026 2415 rapiuntur
1047 2329 1101 2393 sibi
1125 2329 1236 2393 boves?
1250 2346 1280 2392 et
1300 2330 1374 2393 adde
1396 2329 1534 2393 nebulam
1556 2330 1706 2394 effunden-

415 2445 477 2494 tem
498 2445 626 2494 mortem
649 2445 678 2493 et
700 2429 838 2492 morbum
861 2431 930 2513 ipsis
951 2427 1067 2505 belluis,
1082 2446 1113 2491 ct
1126 2429 1201 2491 adde
1219 2429 1444 2493 innumerabilia
1466 2432 1631 2493 evenientia
1652 2432 1707 2515 ipsi

413 2531 513 2615 pecori
535 2530 571 2593 ed
591 2529 667 2592 adde
690 2531 789 2591 ruinas
810 2543 840 2590 et
862 2528 982 2591 morbos
1002 2528 1170 2591 hominum.

496 2628 577 2705 Quid
596 2630 705 2712 geritis:
728 2627 897 2711 Respondet
918 2628 1116 2711 Theophilus,
1136 2629 1210 2691 idest
1224 2644 1341 2692 amator
1353 2630 1400 2691 dei
1415 2631 1465 2712 qui
1488 2650 1548 2691 non
1569 2646 1653 2692 curat
1672 2629 1709 2693 de

415 2732 539 2793 terrenis
554 2745 584 2792 et
598 2730 689 2792 dicit:
711 2750 731 2790 o
754 2729 872 2804 rustice,
893 2728 929 2789 de
950 2747 1010 2811 qno
1031 2730 1163 2811 quereris
1185 2743 1236 2791 aut
1256 2749 1383 2813 quenam
1405 2730 1524 2790 fortuna
1542 2731 1572 2792 in
1594 2743 1709 2791 tantum

415 2844 460 2892 est
481 2828 607 2891 molesta
630 2828 707 2911 tibj?
729 2863 749 2876 -
772 2828 898 2904 Quid...?
918 2849 978 2889 non
1001 2843 1155 2891 ternanent
1177 2829 1232 2890 nisi
1256 2829 1376 2914 reliquie
1395 2830 1520 2911 armenti
1544 2828 1710 2913 languentis

415 2944 445 2991 et
466 2930 631 3011 evagantia,
652 2949 725 3012 quas
749 2927 887 3012 reliquias
918 2948 998 2989 mors
1030 2927 1161 2991 violenta
1189 2929 1332 3012 dispargit
1359 2950 1411 3012 per
1432 2928 1586 2991 mnndum.
1608 2944 1639 2990 et
1660 2948 1711 2990 se-

413 3031 516 3113 quitur
536 3029 647 3115 ubique
668 3045 698 3092 et
719 3032 852 3114 sequitur
873 3049 953 3091 mors
974 3030 1029 3092 ista
1052 3030 1189 3094 homines
1211 3046 1240 3093 et
1262 3029 1351 3093 nichil
1373 3029 1492 3114 prodest
1512 3032 1610 3092 omnis
1631 3028 1699 3112 iuga

415 3149 488 3209 esta,
509 3132 587 3208 dico,
609 3152 690 3193 mors
712 3151 772 3192 non
794 3128 966 3213 expellenda
986 3129 1124 3192 ostaculo
1145 3132 1245 3211 magni
1267 3131 1357 3192 snaris
1378 3146 1407 3193 et
1429 3152 1489 3194 non
1510 3135 1637 3198 ardenda
1653 3106 1712 3220 (πῖ

416 3233 549 3316 cendai)
570 3252 587 3293 a
608 3233 687 3314 iugis
708 3230 869 3302 caucaseis,
891 3246 921 3291 et
941 3231 997 3291 ista
1019 3231 1128 3292 victrix
1149 3230 1190 3292 sic
1212 3232 1355 3311 posternit
1375 3234 1473 3294 omnia
1503 3249 1532 3297 et
1554 3237 1609 3298 ista
1630 3259 1711 3301 mors

416 3332 564 3419 pascendo
586 3330 717 3393 corrodit
738 3330 839 3391 omnia
862 3349 962 3411 regna.

497 3433 605 3495 Nosse:
627 3430 796 3513 Respondet
818 3427 1003 3511 Theophilus
1025 3444 1056 3491 et
1077 3429 1148 3491 dicit
1169 3429 1249 3511 quod
1278 3429 1351 3493 deus
1372 3431 1448 3495 celat
1470 3432 1563 3497 nmlta
1585 3435 1710 3515 homini,

417 3532 486 3616 quia
508 3551 611 3594 servus
633 3550 693 3591 non
722 3529 802 3592 videt
830 3531 931 3591 omnia
959 3529 1059 3592 clausa
1087 3543 1118 3591 et
1143 3545 1257 3592 secreta
1279 3530 1390 3614 dontinj
1420 3535 1477 3609 sui,
1498 3555 1568 3597 cum
1590 3537 1652 3619 ipse
1672 3538 1711 3599 sit

417 3629 571 3705 mortalis;
593 3644 694 3690 tamen
712 3649 772 3717 *ego
793 3627 902 3701 dicam,
923 3627 975 3703 fili,
997 3648 1056 3710 que
1076 3626 1174 3689 sabula
1195 3628 1283 3691 huius
1309 3632 1398 3711 pestis
1420 3632 1524 3694 crebro
1545 3634 1712 3715 predicetur

417 3730 447 3792 in
468 3729 550 3791 silvis
572 3745 601 3791 et
622 3727 802 3790 civitatibus.
818 3763 837 3773 -
859 3725 926 3788 ideo
947 3727 1037 3790 dicit:
1060 3747 1148 3789 cerne
1166 3727 1226 3790 duo
1248 3728 1366 3791 brachia
1388 3733 1487 3807 maris,
1502 3753 1560 3816 que
1581 3735 1710 3797 maxima

416 3828 561 3913 fragmina
577 3829 737 3911 frangunt?
753 3826 813 3899 illa,
828 3827 906 3903 dico,
923 3827 1044 3889 humina
1058 3827 1217 3890 dividentia
1234 3828 1350 3890 diverso
1365 3831 1449 3907 mari,
1464 3831 1582 3914 quondo
1601 3833 1711 3917 glacies

417 3945 519 4013 yrsnta
549 3930 667 4012 premit.
691 3932 789 4003 Hunc,
818 3948 870 3990 seu
898 3929 1032 4011 inpetum
1062 3928 1346 4011 septemtrionalem,
1368 3945 1397 3991 et
1429 3948 1568 4014 perpetua
1596 3936 1711 4018 yepmis

416 4043 532 4111 asperat
554 4044 582 4090 et
605 4045 707 4112 tygres
730 4027 869 4090 infestant
890 4028 981 4089 istum
1002 4027 1114 4103 locmn,
1129 4048 1181 4089 seu
1196 4027 1389 4104 orientalem3
1405 4045 1434 4091 et
1447 4030 1519 4093 dicit
1533 4032 1613 4115 quod
1634 4048 1711 4094 estas

417 4142 581 4211 temperata
603 4143 751 4210 temperat
772 4128 863 4188 istum
886 4129 959 4189 rosis
981 4147 1041 4189 non
1063 4128 1229 4203 exsiccatis,
1248 4129 1315 4211 qnia
1338 4145 1382 4191 est
1403 4128 1442 4191 ibi
1464 4148 1603 4214 perpetua
1626 4132 1711 4194 ferti-

418 4226 485 4290 litas
506 4243 536 4288 et
558 4248 628 4289 aves
650 4227 768 4298 virides,
784 4227 858 4289 idest
880 4225 1025 4310 pnpagnllj
1050 4225 1191 4289 locuntur
1213 4248 1264 4309 per
1285 4227 1390 4311 plana3
1413 4232 1467 4292 ista
1490 4247 1649 4315 tempestas
1671 4235 1711 4296 in·

417 4342 484 4388 nata
507 4325 647 4388 iniecerat
668 4326 722 4387 has
744 4341 852 4408 partes,
874 4327 928 4387 ista
941 4360 953 4373 ·
966 4326 1035 4388 dico
1049 4361 1060 4372 ·
1074 4324 1138 4387 lues
1160 4326 1300 4390 translato
1321 4328 1359 4391 ab
1379 4331 1443 4392 istis
1464 4330 1595 4414 partibus
1618 4334 1710 4416 regni,

416 4445 469 4487 seu
491 4426 599 4487 nostris
621 4424 762 4507 partibus.

499 4523 593 4586 Illuc:
615 4526 785 4607 Respondet
806 4523 964 4608 philogeus
981 4526 1062 4610 quod
1084 4527 1175 4610 aliqui
1196 4528 1233 4590 de
1255 4529 1385 4611 partibus
1408 4530 1470 4591 istis
1492 4532 1608 4592 iverunt
1630 4529 1710 4606 illuc,

418 4640 448 4687 et
468 4640 536 4707 post
557 4624 681 4685 modum
705 4639 930 4707 reportaverunt
951 4624 1009 4688 hue
1032 4628 1118 4688 istam
1143 4643 1265 4709 pestem,
1290 4644 1320 4690 et
1335 4624 1395 4691 'isra
1416 4650 1482 4712 pars
1504 4632 1709 4694 cristianorum

414 4726 546 4807 gustarit
569 4724 703 4786 crudeles
734 4711 829 4808 aquas
854 4740 883 4786 et
913 4726 979 4787 vina
1002 4746 1160 4802 venenosa,
1189 4743 1218 4790 et
1246 4730 1301 4790 ista
1323 4749 1389 4812 pars
1416 4732 1623 4794 cristianorum
1652 4734 1710 4794 ruit
