4125 5217
918 400 1070 447 monto
1093 399 1198 447 atlza'a

1327 533 1652 547 ἡ

416 662 536 746 Solus
566 690 642 767 ego
672 689 714 742 ac
744 661 879 742 sitiens
909 688 1033 768 nuper
1060 658 1133 741 sub
1163 659 1263 743 colle
1291 659 1468 765 vagabar.

417 788 558 873 Gillias
588 787 727 869 erranti
757 815 840 868 sese
870 787 1136 894 comitemque
1165 786 1382 893 ducemque

418 914 591 1012 Obtulit,
622 935 657 997 et
686 915 794 996 rivas
823 913 950 1020 digito
980 911 1117 996 direxit
1146 912 1193 995 ael
1223 911 1357 995 undas.

420 1041 668 1148 Progredior,
699 1039 894 1148 vallesque
926 1068 1048 1122 noras
1077 1059 1113 1123 et
1143 1040 1306 1147 pinguia
1334 1040 1408 1122 late

421 1172 524 1256 Rura
555 1189 676 1257 noto;
706 1167 787 1260 sed,
815 1196 905 1274 sepe
935 1166 1075 1248 oculos
1104 1168 1144 1249 in
1173 1186 1279 1273 terga
1308 1164 1519 1262 reflectens,

397 1295 643 1397 ..iarn-latus,
666 1294 740 1376 lroc
769 1293 924 1383 sordere
955 1293 1088 1389 michi,
1118 1293 1194 1376 iam
1226 1292 1403 1375 turbidus
1432 1294 1538 1377 ether
1574 1360 1579 1369 ,

422 1423 537 1531 Cepit
566 1421 613 1504 ad
642 1448 839 1516 occasum,
870 1421 948 1502 iam
977 1419 1101 1503 sidera
1131 1440 1251 1504 mesta
1279 1420 1412 1503 videri.

424 1551 614 1658 Agnosco
643 1546 818 1630 calidum
848 1548 967 1655 patrie
999 1548 1214 1630 revocantis
1244 1575 1441 1642 amorern;

424 1676 508 1761 lllic
537 1694 574 1759 et
604 1674 708 1757 viole
737 1674 878 1757 nrelius
909 1702 976 1782 per
1005 1674 1155 1757 roscida
1186 1674 1340 1783 pallent,

425 1806 498 1887 Per
526 1801 685 1885 dumeta
708 1830 801 1907 ‚rose
830 1799 972 1884 melius
1002 1800 1254 1911 redolentque
1284 1802 1508 1912 rubentque,

426 1931 567 2014 Purior
595 1957 638 2011 ac
668 1929 814 2037 patrius
844 1928 924 2011 illic
955 1927 1075 2011 rniclri
1105 1950 1210 2036 prata
1240 1951 1403 2037 pererrat

426 2059 561 2152 Risus,
591 2078 628 2139 et
657 2056 820 2138 ausonie
848 2084 965 2162 sapor
993 2077 1051 2140 est
1080 2056 1158 2138 iarn
1187 2056 1339 2140 dulcior
1366 2056 1492 2140 lrerbe.

207 2180 278 2263 Gn.
382 2176 563 2292 [Spreta
594 2182 687 2265 lides
719 2181 837 2289 igitur
866 2182 1061 2264 corniturn
1089 2203 1168 2265 tarn
1199 2203 1298 2266 certa
1328 2184 1497 2293 piorum,

401 2335 402 2339 ‘
426 2312 530 2394 Cum
560 2309 703 2419 quibus
732 2329 769 2391 et
798 2308 930 2391 niveas
959 2308 1107 2416 laqueis
1136 2310 1321 2419 viscoque
1351 2310 1553 2393 columbas

427 2434 646 2532 Gaudebas,
676 2435 931 2545 dammasque
961 2436 1086 2544 plagis
1116 2457 1260 2520 tentare
1290 2436 1477 2544 fugaces?

427 2564 531 2646 Cum
561 2563 704 2672 quibus
733 2582 770 2644 et
799 2563 945 2670 Capree
973 2561 1090 2659 soles,
1122 2562 1355 2674 umbrasque
1385 2566 1540 2661 Leonis,

427 2690 475 2773 Et
504 2690 627 2772 Tauri
657 2688 783 2784 liores,
814 2711 850 2771 et
880 2688 1009 2772 adulte
1042 2692 1215 2797 Virginis
1246 2719 1341 2773 uvas

426 2817 604 2924 Carpere,
635 2815 694 2898 vel
725 2815 844 2899 lando
874 2838 1100 2900 cantantem
1132 2818 1328 2925 impellere
1358 2840 1526 2915 noctem,

427 2943 501 3026 Vel
530 2943 697 3050 longum
728 2942 897 3026 breviare
927 2943 1033 3026 diem
1062 2972 1243 3027 sermone
1272 2946 1459 3054 iocisque,

430 3069 478 3153 Et
507 3072 639 3178 requie
668 3068 953 3177 mollidurum
985 3070 1144 3170 condire
1173 3070 1378 3155 laborem?
1446 3160 1450 3167 ,

210 3190 312 3271 Arni.
389 3189 502 3296 [Nil
532 3216 720 3303 spretum,
750 3197 825 3278 nisi
855 3196 953 3278 silea
983 3195 1090 3279 ferox
1121 3218 1327 3305 pastorque
1358 3220 1572 3306 protervus,

431 3321 478 3404 Et
507 3321 673 3429 plumbo
704 3321 834 3404 inlecti
865 3322 1009 3420 latices,
1039 3344 1076 3406 et
1105 3323 1258 3406 turbine
1286 3345 1411 3408 tortus

430 3447 578 3544 Pulvis
609 3468 645 3532 et
676 3448 812 3530 umbra
841 3477 1000 3546 nocens,
1030 3471 1067 3532 et
1096 3450 1294 3557 grandinis
1324 3452 1379 3533 ira
1407 3482 1562 3536 sonore.

208 3570 279 3652 Gn.
387 3572 494 3679 ([Αη
527 3576 633 3683 prius
664 3576 734 3657 ista
763 3576 833 3658 tibi
864 3597 942 3659 tam
973 3578 1140 3684 longum
1171 3578 1306 3684 ignota
1334 3608 1401 3687 per
1428 3586 1576 3663 evum?

208 3703 313 3787 Ami.
384 3702 536 3809 [Nota
565 3705 685 3810 prius,
716 3702 862 3795 lateor;
893 3706 1016 3787 tenuit
1046 3733 1109 3787 me
1139 3704 1294 3813 pestifer
1321 3736 1416 3789 usus

432 3831 674 3924 Luctantem,
706 3857 768 3911 me
797 3851 921 3912 vester
950 3859 1072 3928 amor,
1102 3860 1165 3913 nre
1193 3830 1320 3915 forma
1348 3833 1476 3941 puelle

430 3955 619 4038 Blandior
647 3955 848 4038 illecebris.
879 3958 955 4039 Sed
986 3958 1063 4039 iarn
1094 3986 1183 4040 cum
1213 3979 1390 4066 tempore
1417 3961 1564 4042 sensim

388 4147 394 4157 .
429 4081 581 4164 Omnia
611 4102 835 4176 nrutantur3
865 4082 1041 4165 studium
1074 4082 1245 4198 iuvenilq
1271 4106 1422 4167 senecte

386 4240 397 4269 ·
430 4208 633 4314 Displicet,
663 4209 876 4292 etruriam
906 4238 995 4291 cure
1024 4212 1194 4293 variante
1223 4210 1376 4317 capillo.

207 4334 277 4414 Ga.
383 4335 503 4441 (fflic-
533 4333 656 4438 rulgo
686 4336 763 4415 iarn
794 4354 912 4416 notus
942 4364 1036 4430 eras,
1068 4362 1136 4415 nec
1166 4337 1289 4416 carior
1317 4335 1410 4418 alter

429 4460 499 4543 Vel
531 4461 649 4543 miclri
682 4459 740 4541 rel
770 4462 904 4568 sotijs;
933 4461 1044 4544 silvis
1074 4461 1215 4543 errabis
1246 4463 1285 4543 in
1315 4462 1405 4558 illis,

500 4739 536 4791 V.·
551 4738 599 4803 64:
618 4755 708 4805 eapree
718 4776 725 4789 .
737 4776 744 4790 .
755 4776 761 4791 .
772 4738 862 4792 leonia.
881 4769 890 4780 ·
910 4741 942 4793 V.
962 4741 1009 4807 65:
1030 4740 1093 4792 tauri
1105 4778 1112 4791 .
1124 4781 1131 4795 .
1142 4778 1148 4800 ,
1160 4740 1274 4807 virginis.
