4125 5217
363 387 428 453 208
642 405 644 409 “
867 403 1017 451 assunto
1041 403 1147 451 arma

365 540 411 550 ...-
421 539 598 548 *mmo—m
605 537 773 548 ηρ*

364 682 469 728 nectus
491 667 584 749 ipsius
607 667 708 727 matris
731 685 814 728 mine
836 685 895 727 netu
918 684 981 726 esse
1001 664 1090 726 huius
1111 663 1221 727 doloris
1242 685 1341 739 causa,
1356 686 1424 727 narn
1446 666 1504 728 alie
1524 669 1659 730 civitates

364 770 583 830 circunstautes
605 783 674 829 sunt
695 765 831 827 similiter
853 782 965 827 veteres
987 781 1025 827 et¹
1044 766 1174 849 antique,
1197 786 1292 848 neque
1319 764 1431 827 defesse
1452 763 1567 849 lugent,
1588 788 1660 851 ymo

365 865 452 927 firme
474 881 505 927 et
526 864 595 926 fisse
621 880 751 926 manent.
773 864 925 946 -Aspice,
946 883 997 926 seu
1026 865 1109 946 apiti,
1130 871 1197 946 picot
1223 863 1328 925 cirenem
1349 862 1462 925 stabiles
1482 884 1565 935 uitiis,
1587 865 1661 927 idest

365 967 504 1029 civitates
527 963 634 1027 robore
655 984 710 1025 suu
731 978 896 1038 innuentes,
910 983 968 1046 que
983 963 1060 1026 sieut
1080 977 1110 1024 et
1131 977 1226 1024 ntater
1247 978 1346 1024 nostra
1368 963 1490 1045 antique
1508 978 1598 1038 sunt3
1619 964 1662 1025 vi·

368 1064 453 1136 rides,
475 1063 552 1126 idest
574 1063 694 1125 robuste
715 1080 744 1125 et
766 1062 872 1137 fortes3
894 1069 1060 1135 ceratetntnr,
1078 1061 1152 1123 idest
1166 1063 1244 1124 circa
1266 1076 1391 1123 matrem
1414 1076 1548 1124 nostram
1563 1063 1662 1124 viden·

367 1180 425 1238 tur,
447 1199 468 1211 -
489 1159 655 1247 urgentibus·
670 1164 762 1230 nitriis,
780 1163 854 1224 idest
876 1162 961 1244 plene
982 1182 1128 1222 annornm
1151 1176 1180 1223 et
1203 1177 1326 1223 venuste
1353 1181 1387 1223 ac
1409 1162 1541 1246 antique,
1563 1177 1662 1223 tatrteu

366 1261 459 1326 fortes
480 1282 515 1325 ac
537 1277 683 1346 potentes.
706 1295 726 1307 -
746 1260 865 1321 niinnde
882 1260 1007 1345 profecto
1030 1260 1128 1330 litenis,
1143 1281 1195 1322 seu
1212 1261 1313 1322 matris
1328 1261 1407 1335 eius;
1422 1275 1517 1322 matre
1533 1262 1613 1321 venit
1633 1276 1663 1323 et

367 1363 494 1447 suspiria
515 1361 622 1424 utiensi
644 1361 741 1424 cordis
764 1361 887 1422 veniunt
908 1380 960 1421 seu
989 1360 1125 1434 aliunde,
1139 1359 1212 1421 idest
1244 1357 1281 1422 ab
1309 1360 1366 1421 alia
1393 1359 1431 1422 de
1451 1380 1552 1434 causa,
1572 1380 1662 1445 quam
1704 1389 1709 1398 ·

367 1484 385 1524 a
406 1476 574 1536 senectute,
595 1481 647 1523 seu
670 1462 760 1543 ipsius
780 1459 910 1533 doloris;
926 1475 955 1521 et
970 1458 1074 1521 suadet
1095 1459 1213 1522 obstare
1233 1458 1311 1534 fatis,
1325 1461 1401 1522 idest
1421 1458 1664 1542 dispositionibus

368 1563 433 1624 eius
455 1576 486 1623 et
506 1559 637 1622 adversis
659 1561 765 1634 causis,
788 1561 909 1643 repertis
930 1578 982 1620 seu
1004 1580 1020 1621 a
1043 1559 1137 1621 nobis.
1158 1593 1178 1606 ·
1199 1575 1229 1621 et
1247 1561 1337 1644 pictas
1361 1557 1513 1633 fanenses
1535 1580 1589 1621 nos
1603 1559 1663 1622 hoc

368 1659 466 1724 facere
487 1676 518 1722 et
538 1679 663 1743 querere
683 1680 786 1721 causas
808 1673 838 1721 et
859 1658 955 1721 soiare
977 1675 1113 1720 matrem.
1127 1693 1138 1705 ·
1152 1674 1182 1720 et
1196 1661 1327 1720 sunnon
1343 1657 1455 1721 ultricis
1470 1660 1598 1743 reposcit,
1611 1680 1664 1721 seu
1710 1695 1714 1703 =

369 1780 425 1822 neas
445 1759 505 1822 hoc
527 1758 642 1834 sucere3
664 1760 804 1821 meritum
826 1779 878 1820 seu
900 1756 1024 1819 laborent
1047 1773 1226 1820 crantorem
1247 1778 1337 1841 quent
1359 1758 1443 1820 nobis
1464 1757 1575 1833 intulit,
1595 1779 1665 1822 curn

369 1882 425 1923 uos
461 1856 613 1922 nutriebat
643 1874 674 1920 et
704 1879 773 1921 cunt
806 1878 860 1919 nos
892 1877 986 1941 pepe;
1009 1858 1026 1936 (
1029 1858 1088 1937 sic)
1110 1872 1139 1919 et
1164 1857 1305 1941 fastidio,
1335 1878 1387 1919 seu
1419 1878 1478 1942 que
1508 1857 1665 1921 nobiscnm

369 1980 455 2044 passa
477 1971 534 2035 est,
556 1978 610 2020 nos
639 1936 813 2033 miriend03
834 1973 864 2019 et
885 1977 960 2028 ctare,
981 1976 1034 2018 seu
1062 1976 1135 2040 quas
1157 1957 1187 2017 in
1216 1976 1269 2018 nos
1296 1956 1333 2019 ad
1355 1972 1465 2019 etatem
1495 1957 1666 2041 redigendo,

369 2058 496 2136 habuit;
524 2059 626 2120 omnia
654 2056 763 2119 habere
790 2072 918 2139 poscunt
949 2076 1003 2117 nos
1030 2076 1153 2140 querere
1182 2070 1211 2117 et
1231 2055 1350 2118 obstare
1378 2054 1454 2132 fatis,
1479 2057 1556 2119 idest
1575 2058 1666 2140 ipsius

371 2157 460 2222 rebus
481 2157 624 2220 eds'ersis.
646 2192 666 2204 -
685 2158 756 2219 vien.
779 2154 948 2239 Respondet
969 2157 1104 2238 apitinm,
1125 2155 1283 2216 ostendens
1304 2157 1484 2240 omniaque
1505 2159 1667 2241 continge-

371 2272 442 2321 runt
463 2277 570 2319 eorum
590 2257 677 2318 matri
693 2254 837 2318 naturalia
860 2276 943 2329 esse3
965 2256 1033 2339 quia
1055 2275 1178 2331 annosa,
1193 2253 1342 2337 decrepita
1357 2270 1387 2318 et
1400 2254 1509 2317 diserta
1523 2254 1561 2318 ab
1574 2256 1668 2318 omni·

371 2357 427 2420 bus
455 2356 553 2432 bonis,
581 2357 622 2418 ita
649 2370 751 2418 secuta
780 2370 825 2417 est
852 2375 972 2417 currum
1001 2369 1122 2430 nature3
1148 2355 1231 2438 quasi
1260 2354 1358 2417 dicat:
1386 2370 1418 2416 tu
1444 2354 1574 2417 consulis
1596 2374 1668 2417 sero

370 2471 477 2519 contra
499 2470 636 2517 naturam
665 2454 762 2516 solare
790 2469 820 2517 et
852 2455 995 2517 redimere
1027 2467 1174 2530 ntatrem3
1202 2454 1284 2538 qnod
1312 2453 1494 2537 impossibiie
1522 2471 1577 2533 est,
1598 2476 1667 2518 nam

371 2570 478 2618 natura
500 2555 596 2617 nescit
616 2556 676 2636 pati
699 2555 770 2629 vim,
791 2553 867 2616 idest
888 2554 1073 2615 violentiam.
1095 2588 1115 2600 -
1137 2552 1209 2623 licet,
1228 2552 1303 2616 idest
1325 2555 1470 2636 quantvis,
1485 2554 1533 2616 uei
1554 2553 1668 2618 licitum

372 2656 412 2718 sit
442 2654 524 2738 quod
552 2654 653 2715 omnia
683 2669 813 2737 pectora,
841 2673 893 2714 sen
922 2672 1029 2714 umana
1069 2652 1196 2715 inuicem
1225 2666 1339 2714 certent
1367 2651 1404 2714 ab
1431 2653 1565 2729 adverso,
1594 2655 1668 2716 idest

371 2769 477 2816 contra
499 2756 593 2836 ipsam
617 2767 768 2826 nsturan13
790 2768 820 2814 et
841 2752 909 2813 iicet
931 2751 1097 2813 hutnauuni
1120 2772 1212 2833 gersus
1235 2751 1359 2814 advocet
1381 2767 1485 2814 cuntas
1507 2768 1595 2828 artes,
1615 2775 1668 2816 seu

373 2851 569 2936 repugnando
591 2851 741 2927 naturaie;
756 2857 782 2913 ei
795 2851 950 2922 (vettoniae,
965 2869 1016 2912 seu
1039 2851 1203 2913 humanum
1225 2872 1329 2935 genus,
1344 2853 1422 2934 inani
1445 2852 1545 2915 studio
1564 2869 1668 2917 contra

372 2971 451 3014 eam.
471 2986 482 2999 ·
503 2950 567 3022 itta,
589 2971 641 3013 sen
671 2965 786 3025 natura,
808 2948 913 3025 ferens,
934 2970 986 3011 seu
1010 2951 1137 3012 retinens
1159 2964 1188 3011 et
1209 2950 1360 3032 possidens
1381 2967 1481 3035 caput,
1502 2973 1555 3014 seu
1583 2968 1668 3016 tunm

373 3051 532 3125 invictum,
554 3048 628 3110 idest
650 3050 815 3132 potentiam
842 3069 926 3110 suam
955 3049 1108 3122 ins-ictam,
1129 3063 1321 3132 contempnet
1342 3048 1481 3127 habenas,
1503 3051 1579 3115 idest
1599 3054 1670 3116 vio-

373 3146 481 3210 lentias
502 3146 558 3209 sibi
580 3146 676 3209 illatas
697 3163 727 3209 et
749 3149 826 3209 sires
847 3162 950 3209 contra
979 3167 1044 3209 eam
1076 3160 1232 3222 certantes,
1253 3150 1322 3230 quia
1350 3167 1411 3210 non
1440 3151 1552 3232 patitur
1571 3151 1669 3235 legem

372 3243 544 3307 hominum.
572 3244 741 3327 Respondet
770 3245 905 3319 Martius,
937 3242 1041 3306 solens
1069 3242 1184 3327 placare
1212 3246 1308 3327 primo
1337 3244 1466 3315 statretn,
1499 3264 1532 3311 nt
1560 3250 1670 3311 unani·

373 3344 464 3405 miter
484 3363 588 3404 secum
609 3343 771 3405 concordet
793 3346 873 3426 prius
905 3364 996 3426 quant
1016 3343 1053 3403 ad
1078 3343 1134 3404 aiis
1157 3343 1316 3426 procedat,
1338 3358 1368 3406 et
1388 3342 1479 3408 dicit:
1503 3348 1569 3408 Hoc
1590 3367 1669 3424 nam,

373 3442 442 3525 (seu
464 3462 556 3527 quam
579 3443 716 3524 niscnpas
732 3457 761 3504 et
782 3443 895 3506 iudicas
917 3458 979 3504 tant
1000 3441 1115 3503 firntain
1139 3463 1200 3503 rent
1222 3444 1301 3526 esse)
1323 3442 1405 3505 iubet
1427 3460 1574 3528 parentes,
1596 3445 1670 3508 idest

372 3543 615 3625 consanguineos
638 3557 667 3603 et
688 3540 790 3603 affines
812 3563 906 3625 pares,
930 3541 1003 3603 idest
1025 3542 1198 3624 equanitnos
1219 3562 1283 3603 esse
1297 3562 1389 3626 prope
1403 3543 1469 3624 dijs,
1490 3544 1567 3605 idest
1587 3546 1669 3607 iuxta

372 3640 455 3715 deos,
471 3640 520 3703 vei
543 3657 664 3724 propter
684 3641 730 3702 dei
753 3658 901 3724 precepta.
916 3677 936 3688 -
951 3642 1009 3702 Hec
1026 3640 1138 3701 endem:
1153 3642 1322 3723 Respondet
1342 3644 1485 3725 apititius,
1501 3642 1669 3706 frustrando

373 3742 476 3803 omnia
504 3760 564 3824 que
591 3740 705 3803 dixerat
734 3743 876 3818 Martius,
903 3756 932 3801 et
959 3739 1050 3802 dicit:
1080 3738 1134 3802 hec
1162 3741 1302 3815 eandem,
1331 3761 1382 3803 seu
1413 3759 1531 3819 natura,
1553 3744 1670 3827 proibet

374 3856 546 3924 pervertere
566 3860 686 3904 cursum
708 3842 780 3915 vite,
801 3840 876 3903 idest
897 3861 981 3902 senes
1007 3842 1196 3903 invenescere
1218 3855 1248 3902 et
1275 3842 1430 3923 pristinam
1458 3844 1519 3905 vim
1542 3843 1670 3921 babere;

375 3942 415 4002 ita
437 3940 474 4002 de
496 3956 592 4002 matre
613 3941 734 4025 antiqua
757 3939 848 4003 nichil
870 3940 1064 4024 cogitandum
1086 3955 1143 4017 est;
1165 3956 1195 4002 et
1216 3939 1341 4023 proibet,
1356 3962 1408 4004 seu
1431 3942 1533 4005 eadem
1556 3960 1671 4022 natura,

375 4039 495 4102 turbare
518 4040 598 4102 sices
621 4054 728 4113 rerum,
750 4039 826 4102 idest
847 4055 957 4102 statuta
980 4060 1078 4101 rerunt
1108 4056 1211 4101 natura
1233 4060 1293 4101 uon
1320 4041 1435 4125 estqui
1457 4044 1551 4125 possit
1572 4057 1672 4105 vetare

374 4139 458 4223 quim
480 4159 602 4201 cursum
624 4159 711 4201 suum
733 4138 852 4201 saciant.
875 4175 894 4186 -
915 4140 1090 4201 inveruscere
1111 4145 1202 4200 rttnier
1222 4146 1319 4200 nostru
1350 4143 1455 4224 neqrtit,
1477 4162 1529 4204 seu
1551 4158 1672 4227 propter

374 4235 522 4313 ordinem,
545 4237 620 4300 idest
641 4240 814 4301 incursum
836 4240 896 4302 cite
917 4238 1086 4301 ordinatum
1108 4236 1144 4299 ab
1165 4239 1227 4321 ipsa
1250 4254 1365 4316 natura,
1380 4242 1449 4325 qnia
1468 4262 1558 4304 senes
1580 4258 1610 4304 et
1623 4263 1671 4304 an·

375 4338 457 4419 tiqua
480 4352 533 4398 est.
557 4372 576 4382 -
598 4338 669 4421 ipso,
692 4359 743 4399 sen
768 4353 872 4415 nister,
894 4337 968 4400 idest
993 4358 1085 4414 rtatim,
1108 4354 1136 4399 et
1158 4340 1240 4420 quasi
1272 4339 1431 4422 decrepita.
1456 4377 1476 4388 -
1501 4341 1535 4402 de
1556 4342 1672 4424 continge

375 4436 503 4520 quisque,
526 4457 577 4498 seu
608 4453 753 4513 nostruin,
776 4440 883 4523 cogitet,
906 4438 980 4501 idest
1009 4437 1045 4498 de
1073 4437 1252 4515 civitatibus,
1273 4442 1377 4501 castris
1406 4456 1435 4503 et
1465 4440 1541 4503 siliis
1563 4440 1671 4502 nostris

374 4536 570 4620 cogitandum
594 4553 636 4599 est
652 4554 681 4600 et
696 4537 732 4600 de
754 4538 891 4600 omnibus
914 4540 1023 4621 propijs
1041 4536 1196 4621 bonisque
1217 4540 1417 4621 possidemns3
1434 4556 1462 4602 et
1476 4540 1604 4614 studcst,
1618 4559 1669 4601 sen

370 4638 510 4717 quisque,
526 4656 698 4698 succurrere
712 4660 765 4721 per
780 4640 825 4699 ius
848 4641 933 4711 natis,
957 4641 1030 4700 idest
1055 4638 1170 4720 populis
1192 4654 1220 4701 et
1241 4640 1379 4702 omnibus
1395 4640 1480 4702 nobis
1496 4640 1620 4702 subditis
1641 4654 1671 4700 et

353 4730 471 4806 trilicis,
497 4736 555 4818 qui
572 4736 664 4802 nobis
685 4738 885 4821 intendantur,
911 4740 954 4805 cei
981 4742 1116 4804 >eitiunt
1142 4757 1176 4803 ac
1203 4755 1343 4825 precepts
1361 4755 1464 4803 nostra
1481 4754 1632 4802 secuntur.
1651 4773 1671 4785 -
