4125 5217
190 4629 211 4654 t.
230 4616 333 4655 tratti

401 457 466 527 230
904 454 1056 507 atttottto
1079 456 1186 505 hvtttn

401 720 492 783 dicit:
517 717 609 781 altera
639 718 784 800 poetissa,
806 737 857 779 seu
890 715 990 800 Sapho
1022 715 1188 793 cantabat,
1215 717 1330 799 poetice
1357 716 1540 781 describebat
1571 718 1689 783 insidias

401 819 511 882 amoris
533 816 679 882 reddentis
699 815 853 879 hominem
875 814 1037 879 sollicitum
1049 839 1058 892 ;
1086 831 1116 877 et
1136 817 1191 877 ista
1219 813 1275 877 luit
1296 814 1392 900 puella
1413 816 1500 879 docta
1526 816 1689 882 litterarum

402 934 433 997 et
453 919 578 981 inmixta
601 932 630 980 et
651 916 788 979 adcincta
810 914 903 979 turbis
926 930 1081 999 poetarum
1103 916 1284 998 peritorum;
1299 917 1347 978 cui
1369 916 1499 999 predicte
1519 916 1690 980 cinnameus

402 1015 544 1090 calamus,
566 1015 641 1079 idest
661 1014 755 1078 dulcis
781 1036 877 1098 penna
906 1014 1037 1097 pendens
1068 1012 1106 1075 ab
1125 1033 1178 1075 ore
1199 1015 1275 1089 eius,
1295 1030 1369 1085 erat,
1394 1031 1423 1078 et
1443 1014 1562 1099 querele
1582 1016 1691 1078 autoris

402 1114 504 1179 dulces
526 1111 697 1178 mulcebant
717 1112 826 1176 stellas.
842 1148 861 1160 -
885 1114 988 1175 Herus:
1010 1113 1066 1175 llic
1081 1128 1167 1175 autor
1181 1112 1310 1175 ostendit
1324 1114 1477 1198 quomodo
1498 1113 1583 1177 multi
1605 1129 1691 1198 poete

403 1216 502 1279 conati
523 1230 593 1277 sunt
613 1213 730 1299 ymitarj
754 1212 856 1276 stilum
884 1211 984 1288 huius,
1012 1212 1196 1275 numerando
1217 1228 1339 1297 poetas,
1368 1229 1396 1275 et
1417 1213 1488 1277 dicit
1516 1212 1596 1297 quod
1615 1213 1692 1277 hauc

404 1314 565 1380 mulierem
575 1333 690 1389 conus,
699 1313 773 1376 idest
793 1333 944 1376 tustanus
959 1328 1047 1398 poeta
1061 1311 1099 1376 de
1113 1311 1208 1374 insula
1218 1332 1301 1402 ‘covo
1315 1312 1344 1373 in
1359 1311 1559 1397 [secutusest-
1573 1312 1712 1398 ipsam],·1

404 1413 535 1478 famosus
556 1412 666 1498 ubique
693 1413 838 1495 descripta
867 1413 962 1474 amica
992 1433 1056 1487 sata,
1077 1432 1129 1475 seu
1155 1409 1288 1495 phillide,
1309 1413 1377 1496 quia
1410 1413 1471 1497 ipse
1499 1414 1636 1476 tractauit
1656 1414 1693 1476 de

404 1524 507 1575 amore
520 1532 574 1575 sue
594 1513 705 1589 atnice;
721 1527 750 1574 et
772 1513 833 1595 ipse
848 1526 947 1593 stupet
968 1510 1057 1586 hanc,
1072 1510 1146 1573 idest
1161 1512 1291 1573 minatur
1304 1512 1397 1595 ipsam
1413 1510 1585 1595 saphonem.
1597 1510 1693 1575 clarus

407 1626 498 1697 poeta-
509 1610 760 1687 de-insuloclaro‚
775 1626 900 1672 tocatur
913 1630 1117 1685 caturacmrs3
1132 1611 1259 1673 anticam
1275 1632 1359 1672 suain
1374 1610 1463 1673 lidem
1477 1610 1604 1674 dictam:
1620 1610 1693 1674 idest

403 1711 455 1794 qui
483 1708 620 1772 similiter
649 1710 787 1771 tractarit
815 1707 852 1770 de
883 1729 986 1770 amore
1017 1709 1113 1769 amice
1139 1728 1212 1770 sue.
1241 1710 1366 1772 miratur
1392 1708 1469 1772 hane
1497 1708 1693 1794 supradictam

405 1827 576 1885 autentos,
590 1810 641 1893 qui
661 1808 717 1871 t'uit
738 1807 898 1871 affricanus
920 1809 985 1883 iste,
1008 1808 1114 1869 missus
1135 1807 1171 1869 ad
1195 1808 1354 1892 regendam
1376 1824 1530 1894 egyptum,
1544 1809 1596 1894 qui
1616 1809 1694 1871 simi·

406 1907 473 1971 liter
487 1908 525 1970 de
546 1908 669 1971 materia
691 1908 811 1984 amoris,
826 1921 855 1969 et
877 1908 995 1991 genitus
1018 1908 1047 1968 in
1069 1907 1189 1970 ciuitate
1208 1908 1394 1984 athenarum,
1409 1909 1516 1971 tatissus
1537 1907 1573 1970 ad
1595 1928 1695 1992 regen·

405 2008 476 2070 dam
496 2022 652 2091 egyptum,
672 2026 835 2090 perquam
857 1999 971 2069 transit
984 2006 1061 2069 nilus
1083 2004 1204 2068 flumen.
1226 2008 1351 2069 miratur
1375 2008 1451 2070 hanc
1473 2023 1503 2069 et
1524 2028 1600 2070 unus
1621 2007 1694 2070 alius

405 2120 504 2191 poeta,
518 2126 570 2168 seu
586 2125 747 2181 euocetus,
762 2107 812 2189 qui
835 2104 1010 2190 liquefactus
1032 2126 1134 2167 amore
1155 2106 1258 2181 samie,
1272 2104 1349 2168 illius
1372 2107 1503 2169 mulieris
1517 2107 1554 2169 de
1568 2108 1695 2173 samio.-

405 2225 460 2269 nec
483 2204 580 2266 mictit
601 2219 702 2287 poetas
724 2203 842 2280 latinos,
854 2219 884 2266 et
904 2204 976 2267 dicit
997 2203 1152 2267 slmiliter:
1177 2206 1270 2267 nostri
1291 2221 1379 2288 poete
1400 2204 1512 2268 latinia
1534 2205 1624 2290 longe
1643 2208 1696 2270 mi·

406 2322 509 2369 rantur
535 2306 623 2367 istam
653 2303 826 2379 mulierem;
847 2319 877 2366 et
898 2302 1018 2365 luerunt
1039 2320 1187 2387 quatuor:
1215 2325 1268 2366 seu
1300 2304 1400 2380 Relus,
1428 2304 1543 2379 Aulius,
1565 2305 1694 2381 Servius,

407 2407 504 2468 Anser
524 2402 640 2465 emulus
662 2401 791 2486 virgitij.
813 2406 903 2465 istam
924 2405 965 2464 ita
988 2402 1162 2465 mirabiliter
1182 2405 1332 2487 scripsisse
1345 2403 1414 2465 stilo
1431 2401 1515 2465 basso
1537 2418 1566 2466 et
1587 2402 1696 2467 lamen·

408 2502 490 2566 rabili
512 2523 597 2579 voce,
617 2502 655 2564 de
675 2521 758 2564 ruore
779 2502 887 2585 dispari
910 2503 940 2563 in
962 2501 1041 2564 istilo
1063 2501 1142 2564 illius
1164 2501 1305 2564 mulieris.
1714 2514 1719 2525 '

489 2602 588 2663 Pone:
609 2600 747 2663 describit
768 2600 859 2663 alium
882 2617 1012 2684 poetam,
1027 2622 1078 2663 seu
1101 2622 1250 2665 rruuanuu
1272 2621 1404 2685 grecum,
1419 2604 1481 2686 qui,
1502 2617 1635 2685 tempore
1655 2623 1697 2665 se·

410 2703 548 2776 nectutis,
559 2701 630 2761 dum
652 2704 706 2762 iret
722 2722 790 2763 cum
806 2721 860 2762 suo
876 2700 937 2762 filio
953 2716 1035 2762 extra
1051 2701 1163 2776 thebas,
1179 2700 1229 2773 ibi,
1243 2701 1315 2762 dum
1337 2702 1542 2777 meditaretur,
1557 2718 1696 2787 tanquam

387 2810 498 2863 'senex
520 2801 619 2883 posuit
637 2800 734 2882 capud
757 2803 786 2861 iu
810 2801 924 2883 gremio
939 2801 984 2861 sui
1008 2799 1077 2883 filij;
1099 2816 1218 2862 etcum
1240 2821 1314 2883 puer
1332 2800 1420 2863 vellet
1441 2802 1697 2884 excitareipsum,

408 2900 471 2982 ipse
492 2915 554 2961 erat
575 2915 719 2961 mortuus.
743 2914 772 2961 et
793 2899 850 2962 hoc
873 2915 940 2983 post
962 2900 1035 2961 istos
1056 2914 1158 2983 poetas
1181 2900 1340 2983 predictos,
1361 2899 1411 2962 sed
1432 2901 1543 2976 statim,
1565 2902 1659 2964 victus
1680 2922 1697 2962 a

411 3012 518 3074 morte,
539 3000 626 3060 cessit
648 3013 677 3060 et
698 3000 828 3060 carmina
850 3013 1019 3074 cesserunt;
1042 3014 1112 3060 tunc
1134 2998 1217 3083 palus
1238 2999 1345 3074 dircot,
1360 2999 1434 3061 idest
1456 2998 1539 3062 vallis
1561 2998 1697 3077 thebana,

410 3096 535 3180 perdidit
556 3117 698 3159 canorum
720 3101 853 3180 ciguum.
868 3132 888 3145 -
911 3098 996 3160 Vidi.
1020 3096 1159 3161 describit
1173 3098 1265 3160 alium
1280 3115 1409 3183 poetam,
1424 3119 1476 3161 seu
1495 3118 1700 3175 aurrnnrnutr,

409 3197 569 3260 oriundum
592 3197 628 3258 de
650 3197 761 3258 sidonia
785 3198 926 3274 civitate3
955 3214 985 3259 et
1006 3196 1111 3260 habuit
1131 3198 1188 3259 iste
1216 3197 1381 3260 mirabilem
1410 3200 1630 3283 proprietatem,
1657 3200 1697 3261 ita

408 3294 489 3380 quod
510 3297 592 3357 omni
607 3316 696 3371 anno,
711 3298 740 3357 in
763 3295 813 3358 tali
836 3297 883 3359 die
904 3298 934 3358 in
956 3297 1036 3381 quali
1059 3312 1144 3359 natus
1161 3296 1264 3373 luerat,
1285 3295 1413 3359 habebat
1434 3297 1536 3375 lebria,
1551 3314 1581 3361 et
1601 3300 1631 3360 in
1651 3298 1698 3361 die

409 3396 572 3457 nativitatis
593 3416 645 3457 sue
674 3412 788 3458 mortus
811 3411 864 3457 est.
893 3432 913 3443 -
947 3397 1062 3457 Utinm:
1091 3398 1202 3479 Tangit
1234 3394 1326 3458 alium
1354 3413 1484 3480 poetam,
1505 3418 1557 3459 seu
1586 3418 1697 3461 r‘tnumt

409 3493 451 3579 [Τ
453 3493 575 3579 irteum]
606 3497 656 3578 qui
688 3493 742 3557 luit
778 3510 865 3577 poeta
894 3494 1075 3557 atheniensis
1106 3510 1135 3557 et
1168 3495 1221 3557 luit
1248 3494 1381 3558 claudus.
1403 3496 1493 3559 semel
1526 3496 1698 3559 lacedemo-

409 3595 526 3655 nienses
554 3595 697 3656 miserunt
726 3593 817 3656 semel
850 3593 1069 3668 adthenienses,
1098 3609 1131 3656 ut
1159 3595 1317 3657 mitterent
1349 3595 1390 3657 eis
1418 3617 1510 3657 unum
1543 3598 1639 3659 civem
1667 3599 1697 3659 iu

408 3694 515 3755 ducem
537 3708 657 3777 propter
679 3692 789 3755 bellum
812 3692 990 3755 faciendum.
1006 3711 1076 3757 tunc
1092 3693 1279 3757 athenienses
1300 3696 1444 3756 miserunt
1465 3696 1604 3772 derisive3
1625 3697 1697 3779 ipse,

409 3793 502 3855 lactus
534 3792 604 3868 dux,
636 3792 704 3856 fecit
736 3794 776 3854 ita
808 3792 888 3876 quod
921 3791 1089 3855 habuerunt
1120 3796 1282 3855 maximam
1316 3795 1471 3856 iictoriam
1503 3794 1540 3856 ab
1571 3795 1697 3857 inimicis

409 3912 523 3954 eorum.
538 3891 604 3953 iden
626 3890 715 3954 dicit:
739 3911 796 3975 ego
818 3891 877 3954 vidi
899 3891 983 3954 illum
1006 3907 1125 3975 poetam
1146 3892 1312 3976 dispectum
1334 3894 1364 3954 in
1385 3912 1491 3976 campo
1513 3893 1697 3970 athenensis;

408 3992 471 4073 ipse
486 4006 547 4052 erat
563 4006 659 4053 rectus
681 3991 813 4072 ingenio,
828 3990 878 4051 sed
901 3990 1024 4052 claudus
1040 3991 1122 4074 pede.
1145 4012 1202 4074 ego
1224 3992 1284 4054 vidi
1302 3992 1442 4054 accedere
1463 3991 1597 4054 adiutum
1618 3994 1697 4054 cives

409 4088 678 4152 lacedemouienses
707 4090 738 4150 in
767 4088 856 4153 bello.
878 4125 898 4137 -
925 4090 1040 4151 Unnm:
1071 4110 1250 4167 ...sotos‘ttt
1271 4091 1322 4176 qui
1350 4091 1404 4153 fuit
1433 4091 1509 4154 lator
1540 4090 1639 4174 legum
1668 4107 1698 4153 et

409 4186 608 4269 iurisperitus;
630 4188 690 4271 qui,
712 4187 834 4250 dimisso
862 4189 962 4251 studio
983 4191 1065 4265 artis,
1087 4190 1191 4251 tradidi
1212 4210 1245 4251 se
1271 4205 1368 4252 totum
1390 4192 1512 4253 scientie
1534 4191 1648 4272 poetice
1670 4206 1698 4251 et

409 4285 645 4370 conquerebatur
666 4288 745 4372 quod
778 4289 1028 4372 non·incepisset
1060 4290 1150 4372 prius.
1182 4289 1249 4351 ideo
1278 4289 1369 4351 dicit:
1392 4309 1448 4373 ego
1477 4290 1535 4352 vidi
1564 4288 1696 4352 solonem

409 4385 545 4469 equalem
558 4386 631 4486 'aliis
653 4389 763 4470 poetis,
786 4389 837 4471 qui
866 4386 1008 4449 dederant
1030 4387 1110 4471 leges
1133 4404 1162 4450 et
1194 4389 1257 4450 iura
1281 4387 1396 4472 populis
1418 4387 1535 4465 athene,
1556 4409 1608 4472 per
1628 4387 1697 4450 litus

408 4486 605 4560 athenarum.;
626 4501 654 4547 et
676 4488 739 4568 ipse
760 4487 819 4548 iam
842 4507 930 4547 senex
946 4485 1042 4548 'dabat
1063 4508 1167 4570 operas
1189 4488 1291 4564 musis,
1314 4485 1428 4571 legibus
1449 4487 1567 4550 relictis.

469 4663 472 4668 ,
494 4585 602 4645 Vidi...
618 4603 782 4660 sternatur,
798 4586 859 4669 qui,
882 4601 1035 4669 tamquam
1058 4587 1262 4669 peritissimus,
1279 4587 1391 4649 viderat
1412 4603 1540 4648 mortem
1561 4606 1645 4647 suam
1668 4601 1696 4646 et

406 4683 561 4748 audiverat
583 4705 614 4745 se
636 4686 814 4746 moriturum
837 4706 872 4746 es
901 4705 971 4746 casu
994 4684 1096 4768 lapidis
1117 4685 1248 4747 cadentis
1271 4686 1307 4747 ab
1329 4686 1404 4761 alto;
1426 4708 1461 4749 ex
1482 4707 1542 4771 quo
1563 4688 1625 4769 ipse
1647 4684 1696 4746 lc-

383 4781 473 4841 rehar
495 4804 589 4846 unam
611 4786 831 4863 cerrelleriam,
848 4800 877 4850 et
900 4784 959 4849 ibat
975 4786 1017 4850 sic
1032 4803 1172 4849 ariaratus.
1189 4788 1290 4864 modo,
1306 4788 1376 4849 dum
1398 4790 1460 4871 ipse
1477 4787 1563 4850 vellet
1584 4786 1692 4872 aliquid
