4125 5217
400 377 464 444 206
682 427 685 432 .
901 389 1053 440 nnvonto
1075 392 1184 440 nuent

399 658 429 721 in
449 678 507 742 qua
530 671 600 718 tunc
623 670 738 738 tempus
759 654 907 717 ediscendi
929 669 1011 730 ernt3
1033 654 1100 716 ideo
1120 653 1238 717 dicit:-
1258 672 1315 715 ecre
1335 650 1429 715 irenis
1444 650 1500 736 flos
1520 653 1631 714 intente
1650 672 1689 715 ce·

399 758 489 828 cidit,·
517 763 581 816 nnn
608 762 714 839 tentpus
741 760 811 829 emt,
840 774 891 816 seu
920 753 1061 839 querendi
1089 753 1166 816 hanc
1194 750 1358 837 cytheram,
1380 751 1426 814 vel
1456 749 1594 827 similem,
1615 750 1690 813 idest

400 858 494 941 ipsam
516 855 669 919 scientium
692 852 839 937 poetandi,
860 873 950 938 quotu
980 873 1059 915 nunc
1086 853 1180 937 cupis.
1206 886 1226 900 -
1253 852 1312 912 imn
1341 851 1446 913 discere
1467 859 1548 936 ttrrpe
1568 856 1615 921 est,
1637 870 1688 912 seu

401 959 431 1020 in
454 972 616 1028 senectute,
637 955 717 1040 quod
744 954 874 1038 didiciscj
899 952 974 1017 foret
1001 952 1137 1037 pulcrum
1159 954 1273 1036 inipso
1300 953 1431 1018 iuventa.
1456 953 1535 1014 -sic
1561 951 1692 1014 uoluitur

400 1064 468 1125 etus.
490 1077 541 1119 seu
563 1058 701 1118 iuventus
722 1056 751 1117 in
772 1069 936 1124 senectute,
951 1069 981 1117 et
995 1052 1120 1137 fugiens,
1136 1075 1187 1115 seu
1209 1069 1281 1127 etas,
1297 1053 1338 1115 sic
1361 1050 1455 1114 volvit
1476 1052 1576 1114 otnnia
1598 1070 1691 1133 usque

402 1155 438 1219 od
460 1156 569 1242 tinetn3
585 1177 654 1216 num
677 1142 743 1239 post
763 1152 916 1216 insontium
939 1152 1071 1215 succedit
1092 1153 1227 1236 pueritia,
1242 1151 1347 1224 deinde
1363 1154 1499 1213 iuventus
1521 1165 1550 1213 et
1571 1152 1612 1213 sic
1628 1169 1691 1212 suc·

402 1257 515 1319 sessive
536 1274 629 1338 usque
659 1253 694 1314 nd
722 1253 944 1335 decrepitntem,
971 1251 1016 1314 vei
1050 1271 1143 1336 usque
1170 1250 1207 1313 ad
1235 1265 1373 1313 mortem.
1395 1253 1473 1314 Num
1501 1248 1548 1331 aiij
1571 1250 1601 1311 in
1630 1250 1691 1332 ipse

403 1355 533 1437 pueritie
542 1354 731 1427 moriuntur,-
745 1352 803 1434 oii'p
813 1354 931 1435 inipso
958 1353 1111 1413 iuventute
1143 1366 1200 1413 etc.
1228 1386 1249 1400 ·
1275 1370 1308 1413 uc
1337 1348 1739 1434 risseio-srenj,-·oeu·etes····

402 1454 569 1516 discurrens
591 1454 653 1514 sine
682 1451 773 1527 freno,
794 1453 857 1513 sine
885 1453 985 1534 quiete
1014 1452 1116 1513 omnia
1148 1449 1245 1514 solvit.
1267 1486 1288 1500 ·
1308 1457 1382 1513 sorte
1402 1457 1452 1512 inu
1472 1455 1613 1512 contitutus
1633 1446 1691 1530 odi,

403 1554 479 1617 idest
501 1553 604 1616 recede
624 1551 661 1613 ab
681 1551 736 1615 hnc
759 1551 921 1614 i'oinntate
950 1566 980 1613 et
1007 1552 1170 1634 cupiditate
1197 1566 1227 1613 et
1259 1566 1324 1613 esto
1351 1565 1509 1614 contentus
1531 1563 1581 1610 tua
1603 1562 1692 1622 sorte,

404 1674 456 1717 seu
471 1651 1024 1739 .quam.tib'p.crutcessit.nattum-seu.
1040 1649 1158 1714 fortuna
1179 1667 1240 1713 tua.
1262 1667 1292 1714 et
1321 1649 1746 1735 relinque-·citterem,-seu··--

404 1752 481 1815 hanc
502 1773 590 1837 qumn
613 1754 696 1835 petis.
724 1786 734 1799 ·
763 1749 890 1835 relinque
918 1752 1035 1812 ciderunt
1063 1748 1119 1812 iliis
1147 1749 1265 1835 quibus,
1287 1750 1362 1813 idest
1387 1771 1404 1812 :t
1425 1747 1543 1833 quibus,
1564 1748 1695 1809 suaviter

405 1868 453 1917 est
471 1866 606 1925 tractata,
628 1851 703 1913 idest
722 1849 801 1914 culta
823 1871 839 1911 a
870 1851 978 1912 teneris
1007 1852 1102 1927 annis,
1124 1871 1176 1913 seu
1205 1849 1240 1911 ad
1263 1864 1397 1933 tempore
1417 1848 1579 1911 iuventutis
1600 1864 1693 1931 usque

405 1952 436 2013 in
457 1965 653 2013 senectutem.
666 1985 677 1997 ·
691 1948 726 2010 ad
741 1970 799 2035 que
812 1949 979 2032 supradicto
996 1950 1153 2033 respondet
1168 1948 1291 2012 Gallus:
1312 1950 1438 2034 poscitur
1452 1946 1604 2020 nrrniiinnt,
1619 1946 1695 2009 idest

404 2071 497 2134 posco
518 2064 548 2111 te
569 2048 605 2111 ad
627 2047 768 2112 auxilium
790 2064 821 2110 et
842 2063 874 2110 tu
902 2048 1057 2111 consulis?
1078 2050 1162 2134 quasi
1183 2049 1280 2112 dicat:
1304 2069 1361 2132 ego
1385 2067 1476 2131 posco
1498 2063 1527 2109 te
1548 2045 1584 2109 ad
1605 2046 1694 2108 auxi·

405 2149 490 2225 iium,
511 2164 542 2212 et
563 2164 594 2210 tu
616 2147 771 2211 consulis?
798 2148 881 2231 quusi
912 2148 1011 2210 diem:
1034 2146 1078 2211 ia'c
1099 2147 1179 2233 quod
1201 2163 1270 2232 peto
1299 2163 1329 2209 et
1349 2147 1423 2210 doce
1444 2166 1502 2223 me,
1523 2161 1553 2208 et
1573 2144 1694 2208 dimicte

405 2247 540 2312 consilia.
560 2247 626 2311 ideo
652 2248 741 2311 dicit:
765 2248 859 2333 Ittcipc
880 2244 1098 2320 ntccusn'retus,
1120 2246 1194 2310 idest
1225 2248 1320 2331 incipe
1348 2267 1466 2311 mecum
1494 2266 1563 2309 cum
1584 2242 1694 2307 anxilio

406 2362 437 2410 et
457 2347 502 2410 fac
523 2348 602 2432 quod
625 2362 703 2430 peto.
724 2382 743 2394 -
763 2345 851 2410 verim
873 2345 950 2429 aliis,
966 2347 1041 2409 idest
1062 2347 1099 2409 dt
1119 2347 1207 2409 verbo
1230 2363 1260 2409 et
1280 2347 1403 2410 consilia
1425 2346 1489 2430 alijs
1510 2366 1585 2429 quos
1606 2343 1694 2418 verba

408 2462 534 2531 possunt
555 2466 685 2522 movere,
708 2446 782 2508 idest
802 2447 853 2530 qui
875 2444 972 2508 verbis
993 2447 1159 2510 contentari
1187 2461 1322 2531 possunt,
1343 2467 1412 2508 nant
1434 2444 1522 2507 verba
1545 2444 1695 2507 nondam

407 2546 498 2609 michi
519 2545 598 2631 quod
621 2561 697 2628 peto.
720 2581 739 2593 -
758 2546 897 2630 poscimus
929 2544 1009 2618 intente,
1038 2567 1089 2608 seu
1116 2545 1269 2630 cytheram
1298 2545 1393 2622 avide,
1414 2546 1489 2608 idest
1509 2545 1694 2621 desiderose3

407 2645 448 2709 nil
469 2644 599 2728 pulcrius
621 2661 665 2707 est
692 2666 780 2728 quam
811 2643 885 2707 bene
913 2662 942 2707 et
972 2644 1096 2708 facunde
1124 2645 1215 2730 loqui.
1236 2647 1273 2708 de
1300 2667 1358 2731 qua
1389 2643 1543 2729 respondet
1564 2647 1693 2707 tirenus:

407 2766 523 2818 omnes,
544 2744 663 2828 quando
686 2744 765 2827 gnido
786 2766 846 2806 non
868 2761 971 2828 optnre
999 2747 1079 2828 quod
1109 2747 1229 2829 ingenio
1250 2768 1305 2808 suo
1334 2747 1483 2821 convenit,
1505 2767 1573 2808 nunt
1595 2744 1695 2808 multis

407 2843 903 2928 placent-‹puecnnditionibus··et
926 2846 1053 2930 ingeniis
1081 2866 1184 2908 corum
1214 2868 1274 2909 non
1305 2844 1697 2910 conveniunt-ideodtcite
1719 2869 1734 2879 ··

403 2943 508 3027 pulcro
530 2950 643 3004 sternunt
662 2944 763 3019 oculos,
785 2965 837 3006 seu
859 2944 1028 3020 hominnm,
1050 2944 1100 3007 sed
1122 2962 1186 3008 acta
1209 2945 1314 3028 fruenti
1339 2960 1472 3029 prosunt.
1493 2947 1576 3029 quasi
1597 2934 1693 3008 dicat:

406 3039 501 3103 muita
522 3041 719 3104 diversimode
746 3041 879 3125 pincent3
901 3043 952 3105 sed
980 3042 1138 3106 solumodo
1161 3066 1193 3106 ea
1215 3060 1317 3129 aptam
1344 3065 1386 3120 se,
1407 3045 1536 3128 cupienti
1561 3060 1695 3128 prosunt,

406 3140 482 3202 idest
493 3140 643 3203 effectum
657 3140 1066 3227 -itnbente---irt-pnrlespne
1093 3144 1176 3205 uertit·
1188 3144 1283 3229 pudor
1310 3165 1343 3206 nc
1370 3143 1503 3205 modestia
1531 3142 1708 3226 notin-hoc·

406 3253 444 3314 st,
466 3239 491 3300 si
513 3240 595 3321 equis
616 3242 697 3323 cupit
718 3240 766 3303 vel
788 3242 872 3316 scire,
894 3240 940 3303 vei
962 3240 1072 3303 habere
1094 3240 1191 3327 niiqua
1214 3258 1254 3317 et,
1270 3264 1338 3305 cum
1360 3244 1423 3326 ipse
1444 3244 1481 3304 sit
1502 3241 1645 3306 discretus
1666 3258 1695 3307 et

406 3352 563 3399 cometen
585 3359 643 3422 que
664 3342 744 3423 cupit
767 3361 826 3401 nnn
848 3360 933 3422 posse
955 3341 981 3402 ei
1010 3356 1075 3402 acta
1106 3343 1289 3425 contingere,
1311 3341 1528 3404 verecundatur
1547 3357 1646 3426 petere
1666 3358 1695 3404 et

406 3457 476 3499 cum
499 3437 655 3515 modestia,
677 3439 750 3501 idest
771 3460 840 3502 cnm
862 3440 1048 3502 discretionis
1071 3443 1263 3524 temperantia
1289 3441 1371 3503 sedat
1393 3441 1469 3505 hanc
1492 3441 1694 3517 voluntatem

407 3536 449 3598 ita
471 3537 566 3618 pudor
587 3552 618 3599 et
638 3538 780 3599 modestia
803 3540 883 3601 venit
906 3540 934 3601 in
957 3555 1064 3622 partes,
1087 3538 1161 3601 idest
1183 3540 1250 3603 ioco
1274 3541 1315 3623 ntj
1338 3541 1413 3603 idest
1435 3543 1475 3603 rei
1497 3542 1605 3624 cupite,
1627 3542 1695 3625 quia

407 3636 469 3717 ipse
491 3636 586 3719 pudor
607 3652 636 3699 et
658 3638 717 3720 ipsn
740 3637 884 3700 modestia
905 3636 1045 3721 detrahijt
1073 3641 1206 3701 animum
1235 3638 1272 3702 ab
1298 3640 1354 3703 hac
1383 3642 1572 3724 interpetrntn
1594 3639 1695 3703 voiun-

407 3749 479 3797 tate.
501 3734 615 3813 Gallus,
636 3756 757 3800 cernens
785 3737 842 3800 hoc
872 3744 975 3800 verum
1005 3759 1079 3814 esse,
1100 3741 1243 3823 aquiescit
1271 3755 1301 3802 et
1332 3739 1459 3803 breviter
1486 3742 1528 3802 sie
1549 3739 1644 3803 intur:
1669 3742 1695 3803 0

407 3840 502 3917 tyrette
516 3833 602 3918 felix,
625 3857 640 3896 n
661 3836 718 3899 deis
738 3857 803 3899 core
823 3838 969 3921 stupentis!
989 3840 1073 3922 quusi
1095 3837 1192 3901 dicat:
1216 3854 1258 3914 tu,
1280 3860 1299 3901 ο
1321 3855 1434 3924 tyrene,
1457 3838 1522 3901 felix
1545 3860 1575 3902 es
1597 3855 1625 3902 et
1646 3839 1695 3902 hn-

408 3930 486 3994 bitus
508 3953 593 3995 carus
615 3933 691 4018 apud
713 3935 812 4011 deum,
834 3937 884 4019 qui
908 3951 1020 3998 tnntnm
1043 3939 1169 4020 gratiam
1191 3940 1347 4001 concessit.
