4125 5217
405 399 468 449 212
907 397 1059 447 euronio
1082 398 1188 462 noma

404 684 456 726 seu
477 661 583 736 tilium,
598 663 707 723 servire
726 681 849 734 onerose,
864 661 938 723 idest
960 661 1059 723 vetule
1080 662 1203 744 parenti,
1217 682 1269 724 seu
1285 663 1371 723 marri
1387 681 1453 724 mee
1475 683 1558 727 mure
1576 678 1606 727 et
1625 685 1693 728 eam

404 763 598 827 substentare.
620 796 640 810 -
660 783 716 824 neu
736 762 842 845 proiecti
862 782 949 823 ruane
970 762 1060 843 viderj
1084 764 1113 824 iu
1136 761 1291 834 vestibulo,
1313 764 1429 845 inipso
1452 762 1553 826 lirrrine
1573 764 1692 849 capitoli

404 863 531 927 adeum
554 862 774 936 redimendum
795 860 957 934 solicitum,
982 860 1057 923 idest
1078 862 1114 923 ad
1139 860 1359 924 sollicitandum
1381 863 1451 947 quid
1472 862 1543 947 quid
1565 863 1695 938 mandet,

405 963 481 1027 idest
502 977 657 1046 temperet,
671 982 754 1032 anus,
769 960 845 1023 idest
866 978 961 1023 mater
982 981 1074 1025 roura.
1089 995 1109 1009 ·
1124 963 1203 1045 quin,
1225 961 1300 1024 idest
1321 981 1393 1045 ymo
1414 963 1529 1024 ortandi
1555 977 1610 1036 eet,
1625 960 1693 1024 moi-

356 1129 357 1133 ,
406 1062 497 1125 liniue
515 1069 599 1136 secu,
619 1061 693 1123 idest
716 1059 781 1123 ioca
801 1076 903 1123 sancta
918 1061 1100 1124 circumdate
1120 1077 1150 1124 et
1170 1060 1262 1123 ierem
1284 1081 1336 1123 seu
1356 1063 1504 1123 maiorum
1526 1076 1695 1124 nostrorum

406 1178 436 1225 et
464 1164 556 1225 totius
578 1160 678 1246 popuii
701 1162 826 1241 ronterii.
847 1166 873 1222 ei
891 1160 989 1222 soliers
1009 1160 1093 1229 sedes.
1115 1160 1192 1224 idest
1218 1176 1387 1224 cumsoetas
1415 1159 1523 1244 quibus
1550 1161 1603 1242 nisi
1625 1174 1696 1223 sunt

406 1264 502 1326 uestri
523 1263 693 1325 maiorens?
714 1295 733 1308 -
754 1261 828 1331 binc,
849 1259 925 1322 idest
955 1260 985 1321 iu
1016 1259 1075 1323 hoe
1105 1259 1172 1322 ioco
1200 1277 1332 1343 nepotes,
1353 1281 1404 1323 seu
1438 1261 1528 1343 nosrrj
1551 1261 1696 1344 accipiant

405 1362 496 1437 iussa,
516 1361 592 1424 idest
613 1376 748 1444 precepta
775 1358 849 1421 bene
877 1359 1072 1442 gerendarum
1100 1378 1208 1421 rerunt.
1236 1394 1257 1408 ·
1284 1361 1343 1421 Her
1370 1379 1429 1421 uiro
1456 1360 1564 1431 dirius,
1584 1379 1637 1422 seu
1656 1359 1696 1421 sit

407 1460 493 1525 nobis
519 1458 658 1524 omnibus
684 1458 765 1534 soia;
786 1479 840 1523 nec
862 1474 1001 1542 potestas,
1026 1479 1078 1521 seu
1102 1475 1211 1532 nostra,
1232 1459 1392 1532 discissa,
1415 1459 1490 1521 idest
1510 1458 1620 1536 divisa;
1641 1477 1696 1522 nec

407 1559 503 1623 honos
524 1559 658 1635 fratrum,
679 1559 755 1621 idest
775 1578 850 1620 onos
872 1574 973 1620 noster
998 1557 1120 1631 divisus,
1141 1579 1193 1620 seu
1215 1560 1262 1620 sit.
1284 1559 1402 1633 vicinia,
1424 1559 1500 1621 idest
1519 1559 1617 1621 omnis
1637 1577 1693 1641 po·

407 1660 495 1746 pulos
517 1679 667 1734 moranus,
687 1679 799 1734 orrens,
821 1658 896 1720 idest
921 1657 1038 1720 timebit
1065 1660 1192 1733 iunctos,
1213 1658 1289 1721 idest
1310 1679 1364 1719 nos
1394 1660 1547 1720 unanimes
1569 1672 1599 1720 et
1618 1679 1697 1722 con·

406 1760 521 1824 cordes.
543 1759 701 1822 concordia
728 1757 916 1840 agrediamos
937 1776 1022 1839 opos,
1051 1756 1125 1819 idest
1147 1758 1323 1840 incipiamus
1344 1755 1459 1832 faeere3
1481 1756 1619 1841 quedam,
1638 1776 1698 1841 que

408 1859 546 1923 videntur
567 1859 679 1941 gravia,
700 1856 810 1920 leviora
832 1856 889 1920 iilis
910 1858 961 1941 qui
982 1871 1135 1940 ceperunt.
1157 1890 1176 1903 ·
1206 1859 1232 1919 si
1259 1858 1396 1941 genitrix,
1425 1857 1502 1921 idest
1533 1877 1625 1934 roma,
1644 1877 1697 1920 seu

408 1974 489 2022 totus
517 1957 645 2042 populus
674 1977 813 2020 rouranus
842 1972 943 2019 cernat
967 1957 1084 2018 animos
1114 1957 1237 2032 amicos,
1263 1956 1339 2020 idest
1368 1978 1421 2019 vos
1443 1956 1615 2033 concordes,
1634 1957 1697 2041 ipsa

408 2058 511 2135 aderit,
531 2057 607 2120 idest
629 2057 665 2119 ad
685 2058 867 2119 aiuvanduru
889 2077 962 2134 nos3
984 2077 1054 2119 nant
1076 2058 1169 2139 pascit
1189 2076 1262 2119 oves
1283 2073 1313 2120 et
1334 2058 1428 2140 poscit
1448 2058 1601 2133 iuvencos,
1620 2055 1697 2121 idest

407 2161 488 2244 ipsos
509 2157 666 2241 populares
686 2157 823 2220 homines
844 2158 895 2241 qui
917 2155 1017 2220 labore
1046 2171 1076 2218 et
1096 2156 1204 2219 sudore
1235 2158 1350 2231 vivunt,
1374 2158 1426 2240 qui
1453 2176 1542 2219 causa
1563 2156 1698 2220 utilitatis

408 2275 437 2323 et
460 2257 570 2322 reditus
591 2272 661 2320 sunt
688 2258 773 2339 matrj
797 2272 908 2331 nostre,
928 2257 978 2340 qui
1007 2257 1113 2319 visunt
1139 2257 1267 2339 presidio
1287 2256 1379 2340 ipsius
1407 2258 1510 2319 matris
1530 2270 1641 2331 nostre,
1661 2255 1698 2320 de

407 2358 473 2441 ipso
493 2377 549 2419 suo
572 2356 684 2430 reditu;
704 2357 774 2439 quia
794 2357 857 2438 ipsa
879 2375 938 2417 non
960 2370 1005 2418 est
1031 2356 1073 2417 ita
1105 2374 1217 2438 pauper
1238 2371 1271 2417 ut
1292 2375 1353 2416 non
1380 2354 1488 2417 habeat
1508 2354 1698 2439 aliquidque

408 2458 502 2540 possit
522 2454 601 2518 aiere
629 2455 755 2540 pecudes
784 2470 814 2516 et
841 2456 983 2517 iuvencos
1011 2475 1091 2530 suos,
1112 2453 1188 2516 idest
1219 2454 1356 2517 homines
1386 2453 1549 2517 laboriosos
1569 2469 1599 2517 et
1618 2456 1698 2517 eires

410 2555 505 2619 bonos
526 2574 675 2618 romanos.
696 2590 716 2601 -
737 2554 820 2624 uririe,
841 2554 927 2629 idest,
948 2575 965 2616 a
986 2553 1093 2638 quibus
1114 2554 1247 2617 iuvencis
1269 2569 1298 2616 et
1319 2553 1443 2625 civibus,
1462 2555 1546 2629 idest,
1561 2575 1577 2617 a
1590 2552 1698 2638 quibus

409 2654 599 2740 popularibus
621 2656 691 2715 viris
713 2674 766 2715 nos
787 2659 976 2716 cumulamus
998 2655 1068 2715 istas
1093 2674 1175 2735 opes,
1196 2674 1248 2715 seu
1276 2674 1349 2738 quas
1377 2652 1521 2716 habemus
1542 2669 1572 2716 et
1591 2651 1698 2738 quibus

409 2756 562 2818 vivimus?
576 2789 586 2801 ·
599 2756 657 2816 ,irs
669 2757 765 2839 primu
787 2753 910 2837 periclen,
922 2774 983 2816 seu
999 2769 1053 2826 est,
1065 2755 1163 2837 pueris
1178 2751 1286 2837 salim
1307 2761 1435 2824 irratam,
1449 2754 1525 2815 idest
1545 2769 1615 2816 nota
1635 2772 1700 2815 esse

409 2855 507 2937 pueris
527 2854 663 2937 decipere
684 2870 820 2928 matrem,
835 2854 902 2915 ideo
917 2873 977 2915 non
995 2853 1132 2936 estquod
1149 2873 1202 2914 uos
1216 2854 1351 2936 decipere
1365 2853 1517 2928 debemus,
1531 2855 1581 2937 qui
1595 2872 1698 2916 sumus

409 2955 485 3031 viri;
506 2968 558 3015 aut
578 2954 602 3014 si
623 2952 770 3015 credimus
792 2955 872 3015 u'ros
894 2973 969 3015 esse.
989 2986 1010 3000 ·
1024 2952 1153 3036 seusun,
1174 2951 1250 3015 idest
1271 2951 1426 3035 particule,
1447 2954 1562 3015 residue
1583 2967 1700 3016 vetuste

409 3051 548 3128 fortune;
570 3054 653 3137 quasi
680 3052 778 3114 dicut:
807 3053 869 3135 ipsa
901 3067 997 3114 nrater
1023 3071 1084 3113 uon
1115 3066 1159 3114 est
1187 3052 1217 3113 in
1248 3066 1365 3114 tentum
1395 3050 1510 3113 deserta
1537 3052 1608 3135 quin
1639 3051 1699 3115 ita·

411 3150 478 3214 beat
507 3150 620 3236 aliquas
642 3149 799 3234 particulas
827 3152 947 3234 notique
976 3152 1108 3233 potentie
1135 3166 1165 3213 et
1195 3150 1311 3235 aliquos
1339 3152 1478 3213 introitus
1508 3150 1698 3228 divitiarum
1794 3162 1796 3165 ’

409 3252 488 3313 sicut
508 3264 553 3311 est
575 3250 684 3312 reditus
705 3248 784 3324 sniis,
805 3250 856 3333 qui
886 3251 1032 3311 unximus
1055 3266 1107 3312 est.
1136 3250 1203 3312 ideo
1234 3250 1324 3312 dicit:
1354 3251 1596 3322 Praesentem
1622 3249 1699 3313 ultra

410 3350 464 3414 hec
487 3372 575 3434 supra
595 3352 673 3414 dicta
695 3349 800 3412 infodit
817 3349 912 3412 altum
926 3370 1066 3414 acervum
1082 3351 1150 3415 salis
1172 3368 1263 3427 terre;
1278 3372 1378 3436 quem,
1393 3373 1445 3414 seu
1466 3373 1606 3415 acervum
1619 3350 1699 3431 salis,

411 3448 551 3526 blandita,
571 3472 623 3513 seu
650 3467 754 3525 mater,
781 3449 910 3534 quodam
940 3450 1065 3515 latenter
1092 3454 1210 3515 miscuit
1237 3453 1346 3535 cupido
1368 3455 1477 3536 pecori,
1498 3453 1574 3516 idest
1599 3453 1700 3517 divisit

410 3552 508 3634 ipsum
528 3551 654 3618 reditum
678 3552 767 3612 etiam
789 3552 865 3614 inter
887 3552 1030 3635 populum
1052 3555 1147 3636 ipsum
1170 3573 1327 3615 romanum
1349 3553 1385 3615 ad
1407 3555 1433 3615 ei
1454 3553 1699 3617 subveniendum.

411 3653 489 3713 Nam
512 3650 667 3735 quidquid
683 3651 831 3734 introytus
853 3650 942 3714 habet
963 3654 1066 3714 ciuitas
1087 3651 1142 3715 sub
1162 3654 1278 3735 optimo
1294 3652 1492 3736 gubernatore
1504 3655 1640 3716 omnium
1653 3668 1699 3717 est

410 3752 587 3813 comuniter.
600 3785 620 3796 -
635 3767 663 3812 et
679 3750 803 3813 reddidit
825 3751 918 3826 erbas,
940 3772 991 3813 seu
1013 3752 1137 3834 sapidas,
1157 3755 1313 3837 aspergine
1333 3754 1425 3835 ipsius
1445 3753 1530 3830 saiis3
1552 3769 1581 3816 et
1603 3752 1698 3817 recidit

410 3851 489 3932 ipsos
510 3848 592 3912 cibos
614 3849 714 3933 populi
744 3853 857 3933 romanj
880 3851 997 3933 sapidos
1019 3852 1082 3933 ipso
1104 3850 1174 3925 saie,
1195 3854 1264 3935 quia
1290 3853 1450 3935 presidium
1472 3868 1501 3915 et
1522 3853 1698 3937 suffragium

409 3948 575 4009 maximum
595 3948 637 4010 eis
658 3964 729 4010 erat.
751 3984 771 3996 -
792 3950 910 4033 iusuper
930 3950 969 4010 od
988 3955 1092 4011 erlem
1112 3956 1211 4011 oriris:
1232 3950 1392 4013 Sciendum
1418 3966 1463 4013 est
1483 3952 1562 4036 quod
1583 3953 1697 4036 romani

408 4048 572 4129 antiquitus
592 4049 622 4108 in
644 4049 737 4110 tuscia
760 4050 925 4110 irtaximum
945 4049 1126 4110 territorium
1152 4069 1187 4112 ac
1214 4050 1349 4112 cisimtes
1377 4065 1407 4112 et
1434 4067 1529 4113 castra
1555 4049 1633 4114 ultra
1653 4052 1698 4115 ri-

410 4144 503 4207 berim
524 4145 685 4223 habebant;
706 4168 765 4232 que
787 4149 938 4229 provincia
966 4165 1036 4212 tunc
1065 4149 1218 4212 dicebatur
1239 4150 1366 4226 umbria,
1388 4152 1418 4212 in
1439 4171 1497 4235 qua
1517 4151 1626 4214 dieitur
1644 4172 1699 4214 sa·

367 4246 371 4253 '
408 4259 514 4307 turnus
535 4248 614 4329 prius
645 4246 808 4330 applicasse
836 4263 865 4310 et
893 4248 943 4323 ibi,
964 4250 1089 4311 serendo
1116 4248 1274 4324 frumenta,
1295 4250 1403 4313 dicitur
1430 4253 1510 4333 prius
1535 4252 1698 4329 mansisse;

407 4344 514 4406 deinde
536 4362 679 4407 venerunt
699 4347 826 4429 quedam
849 4368 920 4430 gens
941 4349 978 4410 de
999 4349 1067 4410 lidia
1090 4364 1129 4424 et,
1151 4348 1209 4411 iilic
1231 4349 1398 4412 habimntes
1420 4371 1453 4412 ca
1475 4351 1550 4427 ioca,
1571 4352 1697 4415 tusciam

409 4464 663 4529 nuncupaverunt,
685 4447 714 4508 iu
736 4467 794 4530 qua
815 4448 951 4509 civitates
972 4469 1030 4531 que
1052 4450 1191 4511 dicuntur
1211 4450 1272 4510 todi
1295 4467 1324 4512 et
1345 4452 1419 4512 Arui
1444 4453 1552 4513 situate
1577 4466 1647 4514 suut
1667 4467 1699 4515 et

407 4543 474 4606 alie.
495 4544 571 4606 hanc
594 4546 777 4627 provinciam
806 4545 843 4607 ab
865 4548 933 4629 ipsis
962 4549 1074 4631 campis
1104 4550 1232 4609 rorrtanis
1261 4548 1354 4632 tybris
1382 4549 1490 4611 fluvius
1511 4549 1624 4626 dividit,
1644 4549 1697 4612 sed

393 4646 541 4708 comirntn
569 4660 634 4709 erat
661 4645 793 4732 quodam
823 4662 916 4733 ponte
943 4649 993 4734 qui
1022 4647 1114 4732 vulgo
1136 4665 1324 4731 nuncupatur
1345 4665 1435 4731 ponte
1456 4649 1555 4725 ntole3
1576 4664 1606 4710 et
1626 4647 1697 4712 hinc

344 4746 347 4750 ’
369 4759 505 4806 accesus
526 4763 594 4811 erat
614 4749 656 4814 ad
677 4751 777 4838 ipsam
803 4754 977 4841 regionem,
990 4773 1085 4843 quam
1106 4771 1192 4815 rome
1212 4750 1465 4831 contiguam'tpse
1477 4768 1554 4828 pons
1566 4745 1703 4810 uersus.
