4125 5217
824 391 855 441 ll.
877 390 1066 440 nucottcttir
1089 390 1220 439 CARMEN
1618 387 1658 457 Π

1551 523 1663 535 m

467 642 672 724 Med-laur.
699 674 736 741 33
762 650 808 721 ΡΙ.
836 671 874 739 52
1116 648 1323 720 Med-Laur.
1354 669 1391 718 12
1416 649 1462 720 l‘l.
1489 672 1532 737 90
1556 647 1612 718 int.

413 785 522 836 Manae.
540 782 641 835 Titulus
660 781 735 833 lruius
758 781 856 849 Egloge
885 780 966 848 prime
1015 799 1019 876 3
1106 779 1208 832 Titulus
1226 778 1303 831 liuius
1322 779 1414 847 egloge
1434 779 1516 846 prime
1540 789 1580 831 est
1609 797 1663 846 par·

378 884 417 926 est
436 872 590 943 parthenius,
608 889 661 940 quo
679 871 783 922 nomine
805 880 909 921 vocatus
928 881 967 921 est
1015 887 1018 928 ς
1072 871 1181 929 tlrenias.
1200 887 1253 938 quo
1272 870 1379 922 nomine
1398 879 1502 921 vooatus
1521 881 1560 922 est
1582 870 1665 937 Virgi-

380 964 512 1032 Vlrgilius.
534 964 600 1015 Nnrn
615 962 849 1029 partheniasgrece
868 962 906 1012 vir
925 962 968 1011 bo-
1015 939 1019 1008 l
1072 960 1130 1012 lius.
1152 962 1218 1013 Nam
1238 961 1387 1029 parthenius
1406 979 1490 1029 grece,
1519 963 1599 1012 latine
1626 961 1664 1013 vir

379 1071 427 1106 nus
446 1064 471 1107 et
490 1052 669 1122 probatissime
688 1051 747 1103 vite.
773 1052 805 1103 Et
833 1051 893 1118 quia
913 1051 970 1102 Vir·
1016 1021 1019 1116 l
1072 1052 1156 1103 bonus
1174 1061 1199 1104 et
1218 1051 1399 1119 prolmtiusime
1412 1052 1479 1112 vite;
1498 1062 1523 1103 et
1536 1052 1596 1119 quia
1609 1051 1665 1103 Vir·

378 1144 455 1213 grin
474 1144 531 1195 nin
550 1142 604 1203 ruit,
623 1143 682 1194 uteo
699 1142 782 1194 rurus
804 1151 843 1193 est
866 1142 968 1208 μηικ.
1016 1121 1020 1199 l
1072 1141 1150 1209 gntus
1170 1142 1228 1193 nin
1247 1142 1302 1203 ruit,
1321 1142 1381 1194 tuen
1399 1142 1483 1194 «tiens
1501 1154 1542 1195 en
1566 1144 1665 1209 perne-

366 1235 450 1302 ‚olan
468 1243 494 1287 et
512 1233 573 1303 quia
591 1243 679 1285 ructor
697 1232 724 1284 in
743 1231 870 1300 principio
892 1232 968 1283 huius
1016 1249 1020 1306 3
1074 1233 1143 1293 nisae
1161 1243 1188 1284 et
1206 1233 1268 1301 quia
1285 1243 1360 1285 autor
1388 1232 1415 1284 in
1443 1233 1571 1301 principio
1589 1234 1665 1285 liuius

379 1326 471 1394 egloss'e
488 1326 521 1377 de
540 1323 650 1392 Virgilio
667 1322 789 1391 loquitur,
801 1323 852 1375 ltoc
865 1323 970 1375 nomine
1017 1317 1020 1356 3
1073 1322 1165 1391 egloge
1182 1324 1216 1376 de
1235 1322 1347 1391 Virgilio
1365 1324 1487 1392 loquitur,
1500 1324 1666 1377 hocnornine

380 1414 532 1470 intitulatur.
546 1415 722 1468 collocutores
736 1423 798 1464 sunt
812 1413 930 1466 Monicus
944 1422 971 1464 et
1018 1431 1020 1440 ·
1074 1413 1226 1466 intitulatur.
1246 1415 1422 1467 collocutores
1437 1426 1497 1466 sunt
1512 1415 1629 1467 llonieus
1642 1425 1667 1466 et

379 1505 482 1557 Silvius.
497 1505 614 1557 Monicus
633 1502 784 1571 intelligitur
802 1501 880 1553 irater
899 1503 969 1555 Ghe-

365 1596 612 1649 ..ardus-monacus
634 1603 746 1654 certose,
764 1592 803 1643 vir
826 1603 914 1645 sinete
937 1604 970 1646 et

381 1687 500 1755 religiose
510 1688 563 1739 vite
572 1696 598 1738 et
607 1686 752 1738 Germanus
765 1686 847 1753 ipsius
860 1686 971 1747 autoris;
1018 1765 1021 1772 Ι

1073 1504 1176 1556 Silvius.
1197 1505 1315 1557 Monicus
1334 1505 1486 1573 intelligitur
1505 1506 1581 1558 irater
1599 1506 1668 1557 Gho-

1075 1596 1165 1647 tardus
1193 1612 1316 1648 monacus
1327 1638 1331 1643 .
1341 1597 1622 1657 cremensium
1641 1607 1667 1650 et

1075 1685 1194 1752 religiose
1207 1686 1259 1739 vite
1271 1696 1298 1738 et
1309 1703 1449 1755 germanus
1461 1686 1543 1754 ipsius
1561 1687 1667 1743 autom.

381 1777 561 1830 diciturenim
579 1776 694 1828 monicus
713 1776 787 1844 quasi
810 1777 971 1837 monoculus,
1018 1794 1022 1878 3
1075 1776 1255 1828 diciturenim
1274 1792 1398 1829 monacus
1416 1780 1479 1844 quia
1508 1777 1669 1837 monoculus,

381 1868 448 1920 idert
460 1867 557 1920 habens
567 1868 651 1919 solurn
661 1884 738 1919 unum
747 1868 857 1928 oculum
867 1877 971 1935 propter
1076 1866 1143 1917 idest
1155 1866 1253 1919 habens
1267 1883 1346 1918 unum
1358 1867 1461 1919 oculum
1474 1867 1575 1927 solunu
1595 1883 1670 1935 prop-

382 1958 451 2027 quod
461 1957 506 2019 sei.
518 1959 587 2027 quod
601 1958 733 2009 mortalem
744 1957 864 2009 dicuntur
876 1958 972 2010 habere
1019 1979 1023 2072 3
1077 1966 1115 2009 ter
1142 1958 1212 2025 quod
1236 1958 1368 2009 sciendum
1391 1964 1429 2008 est
1451 1958 1522 2025 quod
1549 1958 1670 2009 mortales

383 2050 448 2101 duos
458 2048 555 2102 oculose
564 2066 643 2100 unum
656 2064 775 2116 eumquo
784 2060 884 2100 terrena
894 2048 973 2116 inspl-
1019 2079 1023 2098 t

381 2139 463 2205 ciunt,
482 2137 549 2191 idest
566 2139 678 2199 divitias,
697 2140 835 2207 potentias,
863 2139 971 2206 gloriam

384 2233 485 2290 vanam,
507 2230 695 2281 dominationes
713 2240 739 2281 et
758 2229 847 2281 inanes
865 2229 971 2281 circurn-

383 2320 543 2381 volutionesg
574 2320 691 2372 Alterum
722 2337 782 2372 vero
801 2320 897 2371 lrnbent
914 2336 972 2371 curn

382 2426 435 2480 quo
452 2410 535 2463 solunt
555 2410 693 2477 inspiciunt
705 2412 809 2463 celestia
827 2422 853 2462 et
875 2412 972 2478 optima

386 2510 488 2554 etcum
506 2518 558 2570 quo
576 2503 652 2553 deum
680 2503 894 2568 contemplantur.
922 2503 972 2569 Alij

384 2592 413 2645 ln
432 2604 556 2661 utrunque
574 2604 671 2659 partem
685 2611 713 2645 se
726 2594 868 2653 revolvunt,
890 2601 929 2644 set
941 2596 973 2645 ad

385 2684 450 2735 bene
480 2692 506 2735 et
535 2683 631 2751 optime
662 2685 836 2752 peragendum
865 2698 974 2737 nonest

384 2771 518 2839 opuanisl
539 2774 614 2825 unius
631 2773 783 2835 oculircurn
796 2791 848 2841 quo
867 2776 975 2828 denset
1013 2844 1016 2851 Ι

385 2863 483 2925 optima
494 2862 695 2931 conspiciuntur.
710 2864 812 2915 Etcum
825 2865 974 2916 Gherardns

388 2954 463 3006 talem
482 2952 614 3021 possideat
631 2955 733 3006 oculum
753 2955 845 3015 solum,
857 2955 914 3031 ,alio
933 2957 973 3008 do

386 3044 483 3105 ielieto,
501 3061 522 3096 a.
534 3052 643 3104 terreno,
656 3045 749 3096 dicitur
762 3045 886 3106 monicus,
899 3048 977 3114 qnasi

385 3136 545 3195 munitlun
559 3136 599 3187 rel
610 3137 724 3187 monicus
739 3146 823 3202 potest
834 3136 910 3187 etium
924 3137 975 3189 dici

385 3224 459 3292 qnasi
479 3241 609 3278 monacus.
628 3226 722 3278 Silvius
741 3238 781 3278 est
806 3226 862 3294 ipse
887 3228 975 3279 franci·

387 3332 445 3368 scus
463 3324 578 3384 petrarca
596 3327 643 3370 etc.

1076 2048 1196 2099 dicuntur
1208 2050 1274 2100 duos
1287 2048 1382 2100 habere
1404 2048 1503 2108 oculos.
1516 2065 1596 2099 unum
1611 2065 1670 2100 eum

1077 2156 1128 2206 qua
1151 2140 1215 2203 (sie)
1241 2149 1343 2191 terrena
1367 2138 1517 2206 inspiciunt.
1539 2139 1605 2190 idest
1625 2155 1669 2205 po·

1079 2231 1180 2290 tentius,
1199 2230 1312 2289 divitias.
1337 2230 1456 2297 gloriam,
1481 2229 1671 2282 dominationes

1078 2330 1104 2374 et
1135 2337 1244 2387 euagrius
1267 2320 1532 2380 ,circumvolutionem
1563 2322 1672 2372 alterum

1079 2427 1141 2463 vero
1172 2429 1224 2461 non
1256 2410 1354 2463 habent
1383 2427 1441 2463 curn
1461 2426 1513 2479 quo
1532 2410 1672 2478 inspiciunt

1078 2502 1182 2554 celestia
1201 2511 1226 2554 et
1244 2502 1342 2570 optinui
1360 2512 1386 2553 et
1404 2519 1462 2553 eum
1480 2502 1531 2553 deo
1560 2512 1673 2553 contern-

1080 2593 1165 2660 plant:
1188 2593 1230 2658 alij
1244 2593 1271 2643 in
1286 2602 1531 2660 utramquepartem
1544 2610 1572 2643 se
1591 2592 1670 2643 revol-

1081 2695 1152 2733 vunt.
1170 2684 1221 2735 Sed
1240 2684 1274 2734 ad
1292 2684 1359 2735 bene
1377 2692 1403 2733 et
1420 2682 1518 2750 optime
1533 2684 1671 2750 geminium

1080 2790 1133 2824 non
1151 2784 1191 2825 est
1208 2790 1275 2841 opus
1295 2773 1345 2824 nisi
1357 2772 1531 2833 immonni,
1544 2790 1602 2824 cum
1620 2790 1673 2841 quo

1079 2865 1152 2914 darn
1165 2874 1191 2916 et
1204 2865 1307 2923 niellam
1319 2863 1475 2930 inspiciunt3
1494 2873 1520 2916 et
1532 2880 1592 2915 curn
1604 2864 1673 2915 Gle-

1080 2955 1170 3006 rardus
1190 2956 1266 3007 talem
1290 2955 1422 3021 possideat
1449 2955 1551 3007 oculum
1579 2954 1672 3014 solum,

1080 3046 1131 3096 alio
1149 3046 1281 3107 derelicto,
1301 3064 1322 3098 s.
1342 3056 1454 3120 terreno,
1472 3045 1566 3121 dieitur
1593 3045 1674 3096 moni·

1079 3153 1140 3187 cus:
1160 3138 1200 3188 vel
1220 3137 1335 3189 monicus
1356 3146 1440 3203 potest
1452 3136 1528 3188 etiam
1541 3116 1600 3195 dici.
1613 3135 1674 3203 quia

1081 3226 1206 3279 monicus.
1224 3228 1321 3279 Silvius
1341 3238 1381 3280 est
1399 3228 1455 3295 ipse
1474 3226 1613 3278 franciscus
1632 3243 1674 3294 pe-

1081 3326 1164 3369 trarca
1181 3328 1230 3371 etc.

477 3568 527 3638 Lo
548 3570 677 3637 varianti
703 3568 761 3637 ulie
786 3571 914 3660 riportui
945 3572 978 3637 in
1011 3573 1147 3654 corsivo,
1179 3596 1214 3637 se
1245 3588 1449 3639 consentono
1484 3567 1515 3636 di
1540 3569 1674 3637 ritenure

388 3673 534 3746 fmtellii
568 3674 630 3745 due
654 3676 767 3760 codici,
792 3676 1021 3747 corttrudicono
1052 3677 1103 3746 ull'
1116 3680 1270 3768 opinione
1306 3675 1357 3745 del
1393 3677 1524 3746 carrara
1560 3676 1618 3743 elie
1653 3675 1674 3744 il

388 3783 459 3854 cod.
483 3784 689 3855 Med-Laut.
711 3807 747 3875 33
766 3784 812 3854 Pl.
833 3806 872 3873 52
890 3787 935 3854 sia
953 3785 1087 3855 {alonte
1110 3786 1161 3855 del
1186 3785 1392 3854 llud-Laut.
1414 3805 1451 3853 12
1478 3783 1523 3853 Pl.
1550 3806 1592 3870 90
1616 3783 1673 3853 int'.

388 3893 447 3962 Piit
470 3912 569 3978 tosto,
586 3916 730 3961 memore
754 3893 854 3961 anche
878 3893 929 3963 del
953 3894 1107 3964 ruffronto
1131 3894 1216 3985 degli
1240 3895 1419 3985 argorneuti
1444 3894 1484 3965 D.
1510 3895 1675 3961 contenuti

387 4003 439 4070 nei
462 3999 524 4071 due
560 4026 648 4086 niss„
672 4001 862 4070 clriarnando
898 4002 927 4069 Y
961 4002 990 4070 la
1024 4027 1130 4071 nuova
1163 4002 1332 4072 redazione
1364 4000 1448 4093 degli
1483 4003 1673 4091 argomenti,

386 4114 544 4204 segnem:

1092 4509 1297 4580 llud-Laut.
1327 4422 1435 4580 rzlPl.
1462 4533 1503 4597 90
1529 4508 1583 4578 inl.

475 4423 691 4591 ideal-Laut.¹
711 4532 747 4601 33
775 4509 820 4579 Pl.
849 4531 887 4596 52
