4125 5217
816 452 848 501 II.
870 453 1059 502 aucottcuat
1082 454 1212 503 cauum
1593 456 1649 505 101

372 714 479 797 Dum
507 713 583 797 sibi
612 712 784 824 dumque
813 714 916 822 alijs:
948 764 970 777 -
1001 716 1082 799 Erit
1111 714 1181 798 hec
1209 714 1460 799 lacrimabilis
1489 714 1615 814 arbor,

372 840 526 924 Dixisti.
557 890 579 901 -
610 841 782 949 Ingentis
812 842 973 951 strepitu
1003 839 1225 924 tremefacta
1255 843 1377 937 tuine,

375 968 581 1050 Pastorum
611 995 704 1049 mox
732 967 844 1050 turba
873 966 985 1077 fugit,
1016 996 1245 1076 quecunque
1274 966 1347 1049 sub
1377 966 1444 1050 illa

373 1094 446 1176 Per
472 1091 639 1201 longum
668 1120 801 1175 secura
829 1094 933 1190 diem
962 1094 1187 1176 consederat
1216 1093 1374 1186 umbra;

374 1221 464 1303 Pars
494 1220 630 1328 repetit
660 1240 828 1316 montes,
858 1222 989 1328 tuguri
1020 1249 1106 1329 pars
1136 1221 1274 1303 limina
1303 1218 1382 1316 fidi,

375 1348 466 1431 Pars
493 1346 685 1456 specubus
715 1366 887 1456 terreque
916 1369 1032 1457 caput
1059 1347 1254 1431 submittit
1283 1347 1418 1431 hianti.

375 1474 520 1558 Silvius
548 1495 586 1557 et
614 1474 760 1556 Phitias
789 1474 998 1584 scopulum
1029 1474 1202 1557 fortassis
1232 1475 1399 1558 eundem

376 1603 557 1711 Precipiti
585 1603 728 1709 petiere
756 1602 890 1710 gradu,
920 1603 1168 1711 geminisque
1196 1602 1369 1684 cavernis

376 1727 594 1813 Occuluere
623 1728 772 1810 animas
801 1720 954 1837 trepidi,
984 1756 1054 1811 nec
1074 1757 1196 1838 pauca
1223 1749 1436 1836 gementes.

377 1856 483 1952 Post,
512 1853 579 1937 ubi
609 1854 743 1937 laxatis
771 1874 980 1964 tempestas
1008 1854 1126 1938 fracta
1154 1883 1363 1964 parumper

376 1981 559 2067 Nubibus
588 2002 625 2064 et
653 1980 723 2064 celi
752 1981 944 2065 siluerunt
972 2011 1173 2064 murmura
1202 1980 1305 2079 fessi,

377 2109 518 2218 Incipit
546 2108 782 2192 illacrimans
812 2108 979 2192 Phitias:
1011 2158 1034 2171 -
1067 2109 1107 2194 O
1138 2110 1283 2218 Iupiter
1311 2107 1425 2205 alme,

378 2238 419 2321 Si
448 2237 574 2322 scelus
603 2235 680 2320 hoc
709 2255 889 2319 nostrum
919 2237 1072 2334 meruit,
1102 2238 1134 2319 si
1165 2237 1306 2320 rustica
1334 2236 1467 2320 sordet

380 2369 587 2450 Pastorum
618 2365 751 2472 pietas,
780 2362 889 2446 silvis
918 2365 1101 2473 ignosce!
1132 2392 1349 2473 precamur;

382 2493 546 2577 Innocui
577 2492 755 2573 miserere
784 2491 925 2598 gregis,
956 2490 1173 2600 meliorque
1202 2490 1368 2599 capellas

382 2617 537 2727 Collige
566 2618 772 2731 dispersas;
802 2620 943 2700 teneris
971 2620 1124 2725 signata
1153 2616 1303 2700 labellis

387 2746 513 2829 Ubera
540 2767 577 2828 te
607 2766 802 2840 moveant,
835 2745 910 2827 nisi
939 2744 1039 2828 forte
1067 2744 1213 2828 oblivia
1243 2744 1351 2826 lactis

301 2895 341 2926 ·-
383 2872 492 2956 illius
522 2871 703 2979 astrigcre
732 2892 860 2954 nectar
887 2871 957 2953 tibi
986 2872 1161 2980 suggerit
1190 2871 1296 2953 aule:

383 2999 441 3081 De
469 3026 585 3107 grege
615 3024 755 3106 nempe
784 2996 856 3080 fuit
886 3000 1014 3081 nutrix
1043 3001 1125 3082 tua!
1157 3046 1180 3059 -
1209 2997 1326 3080 Talia
1353 3019 1526 3105 questus,

381 3125 588 3222 Subricuit,
619 3145 829 3233 pectusque
858 3153 976 3207 manu
1008 3117 1196 3234 percussit
1224 3146 1261 3208 et
1288 3152 1368 3206 ora,

383 3254 541 3351 Silvius,
571 3252 701 3336 audita
729 3254 836 3361 rupis
864 3253 911 3336 de
940 3275 1046 3362 parte
1075 3251 1240 3361 querela,

383 3383 511 3493 (Nam
541 3408 665 3488 neque
693 3408 734 3462 se
763 3408 895 3462 coram
925 3380 1142 3477 cernebant,
1172 3379 1284 3463 obice
1313 3406 1433 3486 parvo

383 3510 559 3592 Pretente
586 3506 706 3589 silicis
735 3536 923 3617 ramoque
952 3531 1133 3590 comante
1161 3506 1366 3615 dirempti)

258 3655 262 3661 ’
383 3635 585 3719 Concussa
612 3635 668 3716 sic
697 3655 825 3717 mente
854 3633 978 3730 resen,
1007 3636 1279 3741 gemitumque
1308 3659 1509 3714 coercens:

384 3759 477 3875 30
507 3759 648 3855 Phitia,
678 3759 825 3854 Pltitia;
855 3759 989 3856 fateor,
1019 3761 1074 3842 sic
1103 3779 1202 3842 astra
1231 3758 1371 3840 minari

383 3885 618 3995 Iampridem
648 3887 805 3983 adverti,
836 3908 1045 3995 postquam
1076 3885 1274 3968 flamantia
1303 3884 1439 3966 Martis

382 4014 565 4109 Lumina,
594 4034 631 4096 et
660 4012 856 4096 imbrifera
884 4014 1096 4099 Saturnum
1127 4014 1166 4095 in
1197 4032 1302 4120 parte
1331 4030 1565 4104 morantem,

382 4140 682 4248 Obsessumque
711 4141 858 4236 Iovem,
888 4161 926 4223 et
953 4143 1144 4223 Venerem
1174 4162 1388 4222 transversa
1416 4158 1605 4232 tuentem,
1643 4177 1668 4215 as

383 4264 505 4350 Sibila
532 4285 740 4349 ventorum
771 4287 980 4375 postquam
1010 4268 1212 4375 peregrina
1241 4268 1385 4349 notari.

386 4395 532 4478 Nonne
561 4392 697 4500 procul
728 4393 901 4491 nebulas,
931 4393 1030 4476 limo
1060 4394 1233 4476 exalante
1262 4391 1437 4501 palustri,

385 4521 551 4627 Surgere
580 4521 625 4602 et'
646 4521 686 4602 in
716 4541 895 4603 nostrum
925 4520 1069 4603 delatas
1099 4519 1270 4602 vidimus
1300 4521 1437 4601 axem?

454 4741 489 4795 V.
513 4741 561 4794 18:
580 4742 629 4794 erit
646 4769 655 4782 ·
674 4742 706 4793 V.
726 4754 778 4804 242
797 4742 891 4808 phitius
910 4772 919 4783 ·
938 4743 971 4792 V.
991 4756 1044 4806 29:
1064 4741 1202 4808 phitium...
1225 4740 1317 4807 iupiter
1337 4740 1413 4791 Alme
1431 4768 1438 4780 ·
1459 4740 1491 4790 Υ.
1506 4752 1560 4801 qa:
1580 4736 1679 4802 pletum,

383 4815 466 4885 pultis
483 4843 493 4857 ·
511 4815 543 4867 V.
556 4828 609 4882 432
623 4815 731 4866 martis·
747 4814 777 4865 l‘.
792 4830 844 4879 με
864 4829 996 4867 saturnum
1012 4816 1043 4866 Υ.
1063 4826 1115 4883 43:
1134 4814 1232 4874 iorem,
1248 4829 1386 4865 renerus.
1433 4849 1435 4853 .
