<?xml version="1.0" encoding="UTF-8"?>
<!DOCTYPE html PUBLIC "-//W3C//DTD XHTML 1.0 Transitional//EN"
    "http://www.w3.org/TR/xhtml1/DTD/xhtml1-transitional.dtd">
<html xmlns="http://www.w3.org/1999/xhtml" xml:lang="en" lang="en">
 <head>
  <title>
</title>
<meta http-equiv="Content-Type" content="text/html;charset=utf-8" />
  <meta name='ocr-system' content='tesseract 3.04.00' />
  <meta name='ocr-capabilities' content='ocr_page ocr_carea ocr_par ocr_line ocrx_word'/>
</head>
<body>
  <div class='ocr_page' id='page_1' title='image "./ilbucolicumcarm00avengoog_0141.png"; bbox 0 0 4125 5217; ppageno 0'>
   <div class='ocr_carea' id='block_1_1' title="bbox 264 656 1702 4574">
    <p class='ocr_par' dir='ltr' id='par_1_1' title="bbox 413 656 1302 766">
     <span class='ocr_line' id='line_1_1' title="bbox 413 656 1302 766; baseline 0.002 -27"><span class='ocrx_word' id='word_1_1' title='bbox 413 656 500 766; x_wconf 90' lang='lat' dir='ltr'><strong>lpse</strong></span> <span class='ocrx_word' id='word_1_2' title='bbox 528 684 590 739; x_wconf 89' lang='lat' dir='ltr'><strong>aer</strong></span> <span class='ocrx_word' id='word_1_3' title='bbox 617 678 795 764; x_wconf 88' lang='lat' dir='ltr'><strong>suspecta</strong></span> <span class='ocrx_word' id='word_1_4' title='bbox 824 656 941 740; x_wconf 83' lang='lat' dir='ltr'><strong>michi</strong></span> <span class='ocrx_word' id='word_1_5' title='bbox 972 660 1140 766; x_wconf 90' lang='lat' dir='ltr'><strong>suspiria</strong></span> <span class='ocrx_word' id='word_1_6' title='bbox 1169 659 1302 742; x_wconf 84' lang='lat' dir='ltr'><strong>reddit.</strong></span> 
     </span>
    </p>

    <p class='ocr_par' dir='ltr' id='par_1_2' title="bbox 373 778 1692 1261">
     <span class='ocr_line' id='line_1_2' title="bbox 373 778 1519 892; baseline 0.003 -27"><span class='ocrx_word' id='word_1_7' title='bbox 373 778 378 786; x_wconf 77' lang='grc'><strong>’</strong></span> <span class='ocrx_word' id='word_1_8' title='bbox 413 782 526 880; x_wconf 89' lang='lat' dir='ltr'><strong>Quin</strong></span> <span class='ocrx_word' id='word_1_9' title='bbox 555 783 697 866; x_wconf 89' lang='lat' dir='ltr'><strong>iustam</strong></span> <span class='ocrx_word' id='word_1_10' title='bbox 727 786 905 891; x_wconf 79' lang='lat' dir='ltr'>permitte</span> <span class='ocrx_word' id='word_1_11' title='bbox 935 784 1081 892; x_wconf 84' lang='lat' dir='ltr'><strong>fugam,</strong></span> <span class='ocrx_word' id='word_1_12' title='bbox 1111 807 1147 868; x_wconf 94' lang='lat' dir='ltr'><strong>et</strong></span> <span class='ocrx_word' id='word_1_13' title='bbox 1177 786 1356 869; x_wconf 88' lang='lat' dir='ltr'><strong>miserere</strong></span> <span class='ocrx_word' id='word_1_14' title='bbox 1384 788 1519 869; x_wconf 84' lang='lat' dir='ltr'><strong>eoacti.</strong></span> 
     </span>
     <span class='ocr_line' id='line_1_3' title="bbox 413 910 1636 1022; baseline 0.002 -29"><span class='ocrx_word' id='word_1_15' title='bbox 413 910 517 994; x_wconf 88' lang='lat' dir='ltr'><strong>Nam</strong></span> <span class='ocrx_word' id='word_1_16' title='bbox 547 930 679 1019; x_wconf 88' lang='lat' dir='ltr'><strong>potes:</strong></span> <span class='ocrx_word' id='word_1_17' title='bbox 701 910 797 994; x_wconf 85' lang='lat' dir='ltr'><strong>Ecce</strong></span> <span class='ocrx_word' id='word_1_18' title='bbox 825 915 968 995; x_wconf 77' lang='lat' dir='ltr'><strong>etenim</strong></span> <span class='ocrx_word' id='word_1_19' title='bbox 990 914 1076 995; x_wconf 85' lang='lat' dir='ltr'><strong>veni</strong></span> <span class='ocrx_word' id='word_1_20' title='bbox 1107 912 1154 994; x_wconf 91' lang='lat' dir='ltr'><strong>ad</strong></span> <span class='ocrx_word' id='word_1_21' title='bbox 1182 932 1248 995; x_wconf 91' lang='lat' dir='ltr'><strong>tua</strong></span> <span class='ocrx_word' id='word_1_22' title='bbox 1276 914 1452 1020; x_wconf 88' lang='lat' dir='ltr'><strong>gramina</strong></span> <span class='ocrx_word' id='word_1_23' title='bbox 1481 942 1636 1022; x_wconf 82' lang='lat' dir='ltr'><strong>pauper,</strong></span> 
     </span>
     <span class='ocr_line' id='line_1_4' title="bbox 415 1037 1509 1146; baseline 0.002 -27"><span class='ocrx_word' id='word_1_24' title='bbox 415 1037 702 1146; x_wconf 86' lang='lat' dir='ltr'><strong>Pauperiorque</strong></span> <span class='ocrx_word' id='word_1_25' title='bbox 730 1037 896 1121; x_wconf 89' lang='lat' dir='ltr'><strong>domurn</strong></span> <span class='ocrx_word' id='word_1_26' title='bbox 927 1037 1053 1132; x_wconf 91' lang='lat' dir='ltr'><strong>redeo,</strong></span> <span class='ocrx_word' id='word_1_27' title='bbox 1085 1068 1163 1121; x_wconf 88' lang='lat' dir='ltr'><strong>non</strong></span> <span class='ocrx_word' id='word_1_28' title='bbox 1193 1039 1301 1135; x_wconf 81' lang='lat' dir='ltr'><strong>iacte,</strong></span> <span class='ocrx_word' id='word_1_29' title='bbox 1332 1068 1399 1122; x_wconf 84' lang='lat' dir='ltr'><strong>nec</strong></span> <span class='ocrx_word' id='word_1_30' title='bbox 1429 1040 1509 1123; x_wconf 91' lang='lat' dir='ltr'><strong>edis</strong></span> 
     </span>
     <span class='ocr_line' id='line_1_5' title="bbox 415 1164 1375 1261; baseline 0 -13"><span class='ocrx_word' id='word_1_31' title='bbox 415 1164 591 1261; x_wconf 82' lang='lat' dir='ltr'><strong>Auctior,</strong></span> <span class='ocrx_word' id='word_1_32' title='bbox 620 1164 766 1247; x_wconf 82' lang='lat' dir='ltr'><strong>invidia</strong></span> <span class='ocrx_word' id='word_1_33' title='bbox 795 1185 831 1247; x_wconf 91' lang='lat' dir='ltr'><strong>et</strong></span> <span class='ocrx_word' id='word_1_34' title='bbox 859 1164 955 1247; x_wconf 83' lang='lat' dir='ltr'><strong>solis</strong></span> <span class='ocrx_word' id='word_1_35' title='bbox 984 1166 1062 1247; x_wconf 91' lang='lat' dir='ltr'><strong>iam</strong></span> <span class='ocrx_word' id='word_1_36' title='bbox 1091 1165 1210 1248; x_wconf 91' lang='lat' dir='ltr'><strong>ditior</strong></span> <span class='ocrx_word' id='word_1_37' title='bbox 1239 1168 1375 1248; x_wconf 91' lang='lat' dir='ltr'><strong>annis.-</strong></span> 
     </span>
    </p>

    <p class='ocr_par' dir='ltr' id='par_1_3' title="bbox 264 1286 1702 4574">
     <span class='ocr_line' id='line_1_6' title="bbox 416 1286 1490 1401; baseline 0.001 -26"><span class='ocrx_word' id='word_1_38' title='bbox 416 1290 526 1375; x_wconf 84' lang='lat' dir='ltr'><strong>Adde</strong></span> <span class='ocrx_word' id='word_1_39' title='bbox 554 1290 746 1398; x_wconf 77' lang='lat' dir='ltr'><strong>supercilii</strong></span> <span class='ocrx_word' id='word_1_40' title='bbox 779 1292 945 1398; x_wconf 87' lang='lat' dir='ltr'><strong>pondus,</strong></span> <span class='ocrx_word' id='word_1_41' title='bbox 974 1292 1081 1399; x_wconf 93' lang='lat' dir='ltr'><strong>quod</strong></span> <span class='ocrx_word' id='word_1_42' title='bbox 1111 1286 1190 1374; x_wconf 89' lang='lat' dir='ltr'><strong>non</strong></span> <span class='ocrx_word' id='word_1_43' title='bbox 1220 1294 1348 1398; x_wconf 85' lang='lat' dir='ltr'><strong>gravis</strong></span> <span class='ocrx_word' id='word_1_44' title='bbox 1377 1314 1490 1401; x_wconf 92' lang='lat' dir='ltr'><strong>equet</strong></span> 
     </span>
     <span class='ocr_line' id='line_1_7' title="bbox 420 1416 1576 1528; baseline 0.002 -27"><span class='ocrx_word' id='word_1_45' title='bbox 420 1416 547 1501; x_wconf 86' lang='lat' dir='ltr'><strong>Ethna</strong></span> <span class='ocrx_word' id='word_1_46' title='bbox 574 1417 689 1523; x_wconf 89' lang='lat' dir='ltr'><strong>iugis,</strong></span> <span class='ocrx_word' id='word_1_47' title='bbox 720 1446 800 1499; x_wconf 92' lang='lat' dir='ltr'><strong>non</strong></span> <span class='ocrx_word' id='word_1_48' title='bbox 830 1417 934 1501; x_wconf 86' lang='lat' dir='ltr'>Ossa</span> <span class='ocrx_word' id='word_1_49' title='bbox 963 1420 1105 1524; x_wconf 82' lang='lat' dir='ltr'><strong>rigens,</strong></span> <span class='ocrx_word' id='word_1_50' title='bbox 1136 1448 1215 1502; x_wconf 94' lang='lat' dir='ltr'><strong>non</strong></span> <span class='ocrx_word' id='word_1_51' title='bbox 1246 1420 1346 1503; x_wconf 82' lang='lat' dir='ltr'><strong>altus</strong></span> <span class='ocrx_word' id='word_1_52' title='bbox 1375 1420 1576 1528; x_wconf 90' lang='lat' dir='ltr'><strong>Olimpus.</strong></span> 
     </span>
     <span class='ocr_line' id='line_1_8' title="bbox 418 1542 1694 1653; baseline 0.001 -27"><span class='ocrx_word' id='word_1_53' title='bbox 418 1542 461 1626; x_wconf 87' lang='lat' dir='ltr'><strong>Id</strong></span> <span class='ocrx_word' id='word_1_54' title='bbox 489 1544 597 1652; x_wconf 88' lang='lat' dir='ltr'><strong>prius</strong></span> <span class='ocrx_word' id='word_1_55' title='bbox 626 1544 844 1651; x_wconf 82' lang='lat' dir='ltr'><strong>equanimis</strong></span> <span class='ocrx_word' id='word_1_56' title='bbox 872 1543 1062 1634; x_wconf 78' lang='lat' dir='ltr'><strong>tuleram:</strong></span> <span class='ocrx_word' id='word_1_57' title='bbox 1093 1546 1361 1653; x_wconf 90' lang='lat' dir='ltr'><strong>indignantior</strong></span> <span class='ocrx_word' id='word_1_58' title='bbox 1389 1568 1467 1630; x_wconf 89' lang='lat' dir='ltr'><strong>etas</strong></span> <span class='ocrx_word' id='word_1_59' title='bbox 1671 1591 1694 1627; x_wconf 62' lang='lat' dir='ltr'><strong>:s</strong></span> 
     </span>
     <span class='ocr_line' id='line_1_9' title="bbox 419 1667 1541 1778; baseline 0.002 -23"><span class='ocrx_word' id='word_1_60' title='bbox 419 1669 487 1755; x_wconf 81' lang='lat' dir='ltr'><strong>Est</strong></span> <span class='ocrx_word' id='word_1_61' title='bbox 513 1671 680 1765; x_wconf 79' lang='lat' dir='ltr'><strong>senium,</strong></span> <span class='ocrx_word' id='word_1_62' title='bbox 710 1699 880 1778; x_wconf 89' lang='lat' dir='ltr'><strong>rugeque</strong></span> <span class='ocrx_word' id='word_1_63' title='bbox 908 1673 1063 1755; x_wconf 90' lang='lat' dir='ltr'><strong>animos</strong></span> <span class='ocrx_word' id='word_1_64' title='bbox 1092 1674 1132 1756; x_wconf 95' lang='lat' dir='ltr'><strong>in</strong></span> <span class='ocrx_word' id='word_1_65' title='bbox 1162 1673 1276 1755; x_wconf 85' lang='lat' dir='ltr'><strong>verba</strong></span> <span class='ocrx_word' id='word_1_66' title='bbox 1306 1667 1541 1758; x_wconf 86' lang='lat' dir='ltr'><strong>ministrant.¹</strong></span> 
     </span>
     <span class='ocr_line' id='line_1_10' title="bbox 419 1797 1489 1910; baseline 0.002 -29"><span class='ocrx_word' id='word_1_67' title='bbox 419 1798 550 1882; x_wconf 88' lang='lat' dir='ltr'><strong>Triste</strong></span> <span class='ocrx_word' id='word_1_68' title='bbox 577 1825 692 1881; x_wconf 87' lang='lat' dir='ltr'><strong>senex</strong></span> <span class='ocrx_word' id='word_1_69' title='bbox 720 1801 878 1880; x_wconf 87' lang='lat' dir='ltr'><strong>servus!</strong></span> <span class='ocrx_word' id='word_1_70' title='bbox 907 1799 966 1881; x_wconf 92' lang='lat' dir='ltr'><strong>Sit</strong></span> <span class='ocrx_word' id='word_1_71' title='bbox 995 1797 1113 1882; x_wconf 89' lang='lat' dir='ltr'><strong>libera</strong></span> <span class='ocrx_word' id='word_1_72' title='bbox 1142 1820 1273 1883; x_wconf 90' lang='lat' dir='ltr'><strong>nostra</strong></span> <span class='ocrx_word' id='word_1_73' title='bbox 1295 1820 1489 1910; x_wconf 83' lang='lat' dir='ltr'><strong>senectus.</strong></span> 
     </span>
     <span class='ocr_line' id='line_1_11' title="bbox 420 1925 1477 2019; baseline 0.001 -10"><span class='ocrx_word' id='word_1_74' title='bbox 420 1926 538 2010; x_wconf 86' lang='lat' dir='ltr'><strong>Serva</strong></span> <span class='ocrx_word' id='word_1_75' title='bbox 565 1926 721 2008; x_wconf 90' lang='lat' dir='ltr'><strong>iuventa</strong></span> <span class='ocrx_word' id='word_1_76' title='bbox 749 1946 848 2007; x_wconf 91' lang='lat' dir='ltr'><strong>retro</strong></span> <span class='ocrx_word' id='word_1_77' title='bbox 877 1945 958 2019; x_wconf 93' lang='lat' dir='ltr'><strong>est;</strong></span> <span class='ocrx_word' id='word_1_78' title='bbox 988 1926 1168 2009; x_wconf 88' lang='lat' dir='ltr'><strong>servilem</strong></span> <span class='ocrx_word' id='word_1_79' title='bbox 1198 1925 1316 2010; x_wconf 88' lang='lat' dir='ltr'><strong>libera</strong></span> <span class='ocrx_word' id='word_1_80' title='bbox 1344 1928 1477 2011; x_wconf 79' lang='lat' dir='ltr'><strong>vitam&#39;</strong></span> 
     </span>
     <span class='ocr_line' id='line_1_12' title="bbox 420 2051 1597 2175; baseline 0.002 -39"><span class='ocrx_word' id='word_1_81' title='bbox 420 2053 532 2175; x_wconf 75' lang='lat' dir='ltr'><strong>Mors</strong></span> <span class='ocrx_word' id='word_1_82' title='bbox 560 2051 731 2145; x_wconf 87' lang='lat' dir='ltr'><strong>claudat;</strong></span> <span class='ocrx_word' id='word_1_83' title='bbox 761 2080 1066 2160; x_wconf 82' lang='lat' dir='ltr'><strong>memoresque</strong></span> <span class='ocrx_word' id='word_1_84' title='bbox 1095 2054 1171 2135; x_wconf 91' lang='lat' dir='ltr'><strong>mei</strong></span> <span class='ocrx_word' id='word_1_85' title='bbox 1201 2054 1381 2150; x_wconf 88' lang='lat' dir='ltr'><strong>subsiste,</strong></span> <span class='ocrx_word' id='word_1_86' title='bbox 1411 2054 1597 2164; x_wconf 76' lang='lat' dir='ltr'><strong>taleque3</strong></span> 
     </span>
     <span class='ocr_line' id='line_1_13' title="bbox 420 2177 1443 2288; baseline -0.002 -24"><span class='ocrx_word' id='word_1_87' title='bbox 420 2181 486 2264; x_wconf 89' lang='lat' dir='ltr'><strong>Me</strong></span> <span class='ocrx_word' id='word_1_88' title='bbox 513 2177 636 2263; x_wconf 85' lang='lat' dir='ltr'><strong>fatum</strong></span> <span class='ocrx_word' id='word_1_89' title='bbox 665 2199 809 2261; x_wconf 89' lang='lat' dir='ltr'><strong>tentare</strong></span> <span class='ocrx_word' id='word_1_90' title='bbox 838 2206 971 2260; x_wconf 91' lang='lat' dir='ltr'><strong>meum</strong></span> <span class='ocrx_word' id='word_1_91' title='bbox 1000 2180 1085 2261; x_wconf 90' lang='lat' dir='ltr'><strong>sine</strong></span> <span class='ocrx_word' id='word_1_92' title='bbox 1114 2208 1256 2288; x_wconf 87' lang='lat' dir='ltr'><strong>pascua</strong></span> <span class='ocrx_word' id='word_1_93' title='bbox 1284 2182 1443 2264; x_wconf 81' lang='lat' dir='ltr'><strong>circum.</strong></span> 
     </span>
     <span class='ocr_line' id='line_1_14' title="bbox 267 2303 1478 2412; baseline 0.005 -25"><span class='ocrx_word' id='word_1_94' title='bbox 267 2369 276 2387; x_wconf 93' lang='lat'><strong>.</strong></span> <span class='ocrx_word' id='word_1_95' title='bbox 376 2303 478 2412; x_wconf 68' lang='lat' dir='ltr'><strong>(IEn</strong></span> <span class='ocrx_word' id='word_1_96' title='bbox 503 2308 627 2409; x_wconf 88' lang='lat' dir='ltr'><strong>animi</strong></span> <span class='ocrx_word' id='word_1_97' title='bbox 656 2335 811 2390; x_wconf 88' lang='lat' dir='ltr'><strong>servum</strong></span> <span class='ocrx_word' id='word_1_98' title='bbox 840 2310 1054 2390; x_wconf 88' lang='lat' dir='ltr'><strong>memoris!</strong></span> <span class='ocrx_word' id='word_1_99' title='bbox 1084 2309 1149 2391; x_wconf 82' lang='lat' dir='ltr'><strong>Sic</strong></span> <span class='ocrx_word' id='word_1_100' title='bbox 1177 2313 1313 2393; x_wconf 91' lang='lat' dir='ltr'><strong>omnia</strong></span> <span class='ocrx_word' id='word_1_101' title='bbox 1342 2333 1478 2394; x_wconf 89' lang='lat' dir='ltr'><strong>ventus</strong></span> 
     </span>
     <span class='ocr_line' id='line_1_15' title="bbox 421 2433 1542 2544; baseline 0.004 -26"><span class='ocrx_word' id='word_1_102' title='bbox 421 2433 623 2519; x_wconf 85' lang='lat' dir='ltr'><strong>Abstulit?</strong></span> <span class='ocrx_word' id='word_1_103' title='bbox 654 2435 733 2517; x_wconf 90' lang='lat' dir='ltr'><strong>Has</strong></span> <span class='ocrx_word' id='word_1_104' title='bbox 763 2462 913 2517; x_wconf 90' lang='lat' dir='ltr'><strong>mereor</strong></span> <span class='ocrx_word' id='word_1_105' title='bbox 940 2457 1079 2541; x_wconf 87' lang='lat' dir='ltr'><strong>grates,</strong></span> <span class='ocrx_word' id='word_1_106' title='bbox 1109 2435 1179 2518; x_wconf 86' lang='lat' dir='ltr'><strong>hec</strong></span> <span class='ocrx_word' id='word_1_107' title='bbox 1209 2438 1357 2544; x_wconf 88' lang='lat' dir='ltr'><strong>premia</strong></span> <span class='ocrx_word' id='word_1_108' title='bbox 1386 2437 1542 2521; x_wconf 88' lang='lat' dir='ltr'><strong>reddis?</strong></span> 
     </span>
     <span class='ocr_line' id='line_1_16' title="bbox 422 2561 1518 2673; baseline 0.003 -27"><span class='ocrx_word' id='word_1_109' title='bbox 422 2563 477 2647; x_wconf 93' lang='lat' dir='ltr'><strong>Ut</strong></span> <span class='ocrx_word' id='word_1_110' title='bbox 506 2561 560 2645; x_wconf 92' lang='lat' dir='ltr'><strong>nil</strong></span> <span class='ocrx_word' id='word_1_111' title='bbox 590 2564 847 2671; x_wconf 90' lang='lat' dir='ltr'><strong>prestiterim;</strong></span> <span class='ocrx_word' id='word_1_112' title='bbox 879 2562 1062 2659; x_wconf 89' lang='lat' dir='ltr'><strong>multum,</strong></span> <span class='ocrx_word' id='word_1_113' title='bbox 1093 2563 1182 2647; x_wconf 83' lang='lat' dir='ltr'><strong>iicet</strong></span> <span class='ocrx_word' id='word_1_114' title='bbox 1211 2566 1350 2673; x_wconf 90' lang='lat' dir='ltr'><strong>impar,</strong></span> <span class='ocrx_word' id='word_1_115' title='bbox 1380 2567 1518 2649; x_wconf 83' lang='lat' dir='ltr'><strong>amavi.</strong></span> 
     </span>
     <span class='ocr_line' id='line_1_17' title="bbox 264 2686 1487 2801; baseline 0.006 -33"><span class='ocrx_word' id='word_1_116' title='bbox 264 2690 310 2770; x_wconf 86' lang='lat' dir='ltr'><strong>ui.</strong></span> <span class='ocrx_word' id='word_1_117' title='bbox 379 2686 548 2793; x_wconf 59' lang='lat' dir='ltr'><strong>{Verba</strong></span> <span class='ocrx_word' id='word_1_118' title='bbox 575 2689 732 2798; x_wconf 92' lang='lat' dir='ltr'><strong>quidem</strong></span> <span class='ocrx_word' id='word_1_119' title='bbox 761 2690 913 2778; x_wconf 81' lang='lat' dir='ltr'><strong>verbis:</strong></span> <span class='ocrx_word' id='word_1_120' title='bbox 945 2719 1001 2773; x_wconf 90' lang='lat' dir='ltr'><strong>res</strong></span> <span class='ocrx_word' id='word_1_121' title='bbox 1033 2691 1170 2783; x_wconf 72' lang='lat' dir='ltr'><strong>rebus:</strong></span> <span class='ocrx_word' id='word_1_122' title='bbox 1202 2722 1322 2801; x_wconf 90' lang='lat' dir='ltr'><strong>purus</strong></span> <span class='ocrx_word' id='word_1_123' title='bbox 1351 2695 1487 2788; x_wconf 90' lang='lat' dir='ltr'><strong>amori,</strong></span> 
     </span>
     <span class='ocr_line' id='line_1_18' title="bbox 421 2815 1571 2929; baseline 0.002 -28"><span class='ocrx_word' id='word_1_124' title='bbox 421 2817 496 2901; x_wconf 87' lang='lat' dir='ltr'><strong>Sed</strong></span> <span class='ocrx_word' id='word_1_125' title='bbox 524 2815 835 2912; x_wconf 72' lang='lat' dir='ltr'><strong>solus-debetur</strong></span> <span class='ocrx_word' id='word_1_126' title='bbox 863 2847 991 2913; x_wconf 90' lang='lat' dir='ltr'><strong>amor;</strong></span> <span class='ocrx_word' id='word_1_127' title='bbox 1021 2841 1231 2929; x_wconf 87' lang='lat' dir='ltr'><strong>gratusque</strong></span> <span class='ocrx_word' id='word_1_128' title='bbox 1262 2848 1490 2928; x_wconf 89' lang='lat' dir='ltr'><strong>memorque</strong></span> <span class='ocrx_word' id='word_1_129' title='bbox 1567 2846 1571 2855; x_wconf 87' lang='lat'><strong>·</strong></span> 
     </span>
     <span class='ocr_line' id='line_1_19' title="bbox 422 2945 1641 3054; baseline 0.003 -26"><span class='ocrx_word' id='word_1_130' title='bbox 422 2945 534 3041; x_wconf 84' lang='lat' dir='ltr'><strong>Sum,</strong></span> <span class='ocrx_word' id='word_1_131' title='bbox 563 2945 654 3053; x_wconf 87' lang='lat' dir='ltr'><strong>quia</strong></span> <span class='ocrx_word' id='word_1_132' title='bbox 681 2966 718 3028; x_wconf 94' lang='lat' dir='ltr'><strong>te</strong></span> <span class='ocrx_word' id='word_1_133' title='bbox 746 2973 910 3053; x_wconf 90' lang='lat' dir='ltr'><strong>semper,</strong></span> <span class='ocrx_word' id='word_1_134' title='bbox 940 2966 1149 3054; x_wconf 92' lang='lat' dir='ltr'><strong>postquam</strong></span> <span class='ocrx_word' id='word_1_135' title='bbox 1179 2947 1300 3029; x_wconf 87' lang='lat' dir='ltr'><strong>michi</strong></span> <span class='ocrx_word' id='word_1_136' title='bbox 1331 2967 1459 3043; x_wconf 78' lang='lat' dir='ltr'><strong>notuS,</strong></span> <span class='ocrx_word' id='word_1_137' title='bbox 1490 2951 1641 3041; x_wconf 85' lang='lat' dir='ltr'><strong>amavi;</strong></span> 
     </span>
     <span class='ocr_line' id='line_1_20' title="bbox 418 3070 1567 3181; baseline 0.003 -25.783"><span class='ocrx_word' id='word_1_138' title='bbox 418 3071 482 3170; x_wconf 73' lang='lat' dir='ltr'><strong>Et.</strong></span> <span class='ocrx_word' id='word_1_139' title='bbox 508 3070 607 3165; x_wconf 73' lang='lat' dir='ltr'><strong>sium</strong></span> <span class='ocrx_word' id='word_1_140' title='bbox 625 3073 714 3159; x_wconf 40' lang='lat' dir='ltr'><strong>,vita</strong></span> <span class='ocrx_word' id='word_1_141' title='bbox 742 3099 886 3168; x_wconf 71' lang='lat' dir='ltr'><strong>comes</strong></span> <span class='ocrx_word' id='word_1_142' title='bbox 915 3074 948 3155; x_wconf 91' lang='lat' dir='ltr'><strong>si</strong></span> <span class='ocrx_word' id='word_1_143' title='bbox 979 3072 1072 3181; x_wconf 92' lang='lat' dir='ltr'><strong>quid</strong></span> <span class='ocrx_word' id='word_1_144' title='bbox 1102 3072 1222 3156; x_wconf 88' lang='lat' dir='ltr'><strong>michi</strong></span> <span class='ocrx_word' id='word_1_145' title='bbox 1252 3073 1386 3169; x_wconf 90' lang='lat' dir='ltr'><strong>credis,</strong></span> <span class='ocrx_word' id='word_1_146' title='bbox 1415 3075 1567 3159; x_wconf 83' lang='lat' dir='ltr'><strong>amabo</strong></span> 
     </span>
     <span class='ocr_line' id='line_1_21' title="bbox 264 3193 1523 3308; baseline 0.002 -27"><span class='ocrx_word' id='word_1_147' title='bbox 264 3222 280 3278; x_wconf 65' lang='lat'><strong>2.</strong></span> <span class='ocrx_word' id='word_1_148' title='bbox 380 3193 520 3301; x_wconf 59' lang='lat' dir='ltr'><strong>[Quo</strong></span> <span class='ocrx_word' id='word_1_149' title='bbox 550 3225 732 3307; x_wconf 82' lang='lat' dir='ltr'><strong>properas</strong></span> <span class='ocrx_word' id='word_1_150' title='bbox 762 3198 909 3305; x_wconf 88' lang='lat' dir='ltr'><strong>igitur?</strong></span> <span class='ocrx_word' id='word_1_151' title='bbox 939 3199 1031 3296; x_wconf 92' lang='lat' dir='ltr'><strong>Que</strong></span> <span class='ocrx_word' id='word_1_152' title='bbox 1059 3219 1095 3280; x_wconf 91' lang='lat' dir='ltr'><strong>te</strong></span> <span class='ocrx_word' id='word_1_153' title='bbox 1125 3202 1250 3308; x_wconf 89' lang='lat' dir='ltr'><strong>magis</strong></span> <span class='ocrx_word' id='word_1_154' title='bbox 1279 3199 1398 3284; x_wconf 77' lang='lat' dir='ltr'><strong>adlicit</strong></span> <span class='ocrx_word' id='word_1_155' title='bbox 1426 3205 1523 3283; x_wconf 86' lang='lat' dir='ltr'><strong>ora?</strong></span> 
     </span>
     <span class='ocr_line' id='line_1_22' title="bbox 426 3326 1478 3435; baseline 0 -26"><span class='ocrx_word' id='word_1_156' title='bbox 426 3327 641 3410; x_wconf 89' lang='lat' dir='ltr'><strong>Unanimes</strong></span> <span class='ocrx_word' id='word_1_157' title='bbox 670 3353 744 3433; x_wconf 91' lang='lat' dir='ltr'><strong>que</strong></span> <span class='ocrx_word' id='word_1_158' title='bbox 773 3353 887 3407; x_wconf 88' lang='lat' dir='ltr'><strong>causa</strong></span> <span class='ocrx_word' id='word_1_159' title='bbox 916 3354 1051 3434; x_wconf 88' lang='lat' dir='ltr'><strong>repens</strong></span> <span class='ocrx_word' id='word_1_160' title='bbox 1081 3326 1271 3435; x_wconf 88' lang='lat' dir='ltr'><strong>disiungit</strong></span> <span class='ocrx_word' id='word_1_161' title='bbox 1301 3328 1478 3410; x_wconf 89' lang='lat' dir='ltr'><strong>amicos?</strong></span> 
     </span>
     <span class='ocr_line' id='line_1_23' title="bbox 424 3451 1702 3548; baseline 0 -13"><span class='ocrx_word' id='word_1_162' title='bbox 424 3451 554 3536; x_wconf 90' lang='lat' dir='ltr'><strong>Perdit</strong></span> <span class='ocrx_word' id='word_1_163' title='bbox 581 3453 686 3535; x_wconf 91' lang='lat' dir='ltr'><strong>enirn</strong></span> <span class='ocrx_word' id='word_1_164' title='bbox 715 3452 813 3533; x_wconf 78' lang='lat' dir='ltr'><strong>servi</strong></span> <span class='ocrx_word' id='word_1_165' title='bbox 844 3480 1002 3548; x_wconf 91' lang='lat' dir='ltr'><strong>nomen,</strong></span> <span class='ocrx_word' id='word_1_166' title='bbox 1033 3456 1094 3535; x_wconf 88' lang='lat' dir='ltr'><strong>cui</strong></span> <span class='ocrx_word' id='word_1_167' title='bbox 1125 3452 1242 3535; x_wconf 89' lang='lat' dir='ltr'><strong>libera</strong></span> <span class='ocrx_word' id='word_1_168' title='bbox 1271 3480 1381 3535; x_wconf 91' lang='lat' dir='ltr'><strong>mens</strong></span> <span class='ocrx_word' id='word_1_169' title='bbox 1410 3474 1477 3535; x_wconf 87' lang='lat' dir='ltr'><strong>est.</strong></span> <span class='ocrx_word' id='word_1_170' title='bbox 1677 3496 1702 3529; x_wconf 68' lang='grc' dir='ltr'><strong>ω</strong></span> 
     </span>
     <span class='ocr_line' id='line_1_24' title="bbox 264 3574 1382 3688; baseline 0.001 -29"><span class='ocrx_word' id='word_1_171' title='bbox 264 3577 313 3660; x_wconf 85' lang='lat' dir='ltr'><strong>m&#39;.</strong></span> <span class='ocrx_word' id='word_1_172' title='bbox 381 3574 566 3688; x_wconf 59' lang='lat' dir='ltr'><strong>[Aspice</strong></span> <span class='ocrx_word' id='word_1_173' title='bbox 595 3577 756 3686; x_wconf 86' lang='lat' dir='ltr'><strong>fagifero</strong></span> <span class='ocrx_word' id='word_1_174' title='bbox 785 3599 1008 3686; x_wconf 90' lang='lat' dir='ltr'><strong>tangentem</strong></span> <span class='ocrx_word' id='word_1_175' title='bbox 1038 3581 1177 3661; x_wconf 79' lang='lat' dir='ltr'><strong>vertice</strong></span> <span class='ocrx_word' id='word_1_176' title='bbox 1206 3600 1382 3662; x_wconf 91' lang='lat' dir='ltr'><strong>montem</strong></span> 
     </span>
     <span class='ocr_line' id='line_1_25' title="bbox 424 3704 1443 3813; baseline -0.003 -23"><span class='ocrx_word' id='word_1_177' title='bbox 424 3704 583 3802; x_wconf 88' lang='lat' dir='ltr'><strong>Nubila,</strong></span> <span class='ocrx_word' id='word_1_178' title='bbox 611 3726 696 3788; x_wconf 90' lang='lat' dir='ltr'><strong>tum</strong></span> <span class='ocrx_word' id='word_1_179' title='bbox 724 3704 883 3813; x_wconf 87' lang='lat' dir='ltr'><strong>gravida</strong></span> <span class='ocrx_word' id='word_1_180' title='bbox 911 3704 1039 3787; x_wconf 85' lang='lat' dir='ltr'><strong>fontes</strong></span> <span class='ocrx_word' id='word_1_181' title='bbox 1068 3704 1205 3788; x_wconf 80' lang='lat' dir='ltr'><strong>tellure</strong></span> <span class='ocrx_word' id='word_1_182' title='bbox 1233 3726 1443 3813; x_wconf 88' lang='lat' dir='ltr'><strong>crepantes,</strong></span> 
     </span>
     <span class='ocr_line' id='line_1_26' title="bbox 426 3830 1509 3941; baseline -0.002 -26"><span class='ocrx_word' id='word_1_183' title='bbox 426 3830 541 3915; x_wconf 90' lang='lat' dir='ltr'><strong>Unde</strong></span> <span class='ocrx_word' id='word_1_184' title='bbox 570 3859 683 3915; x_wconf 91' lang='lat' dir='ltr'><strong>ruens</strong></span> <span class='ocrx_word' id='word_1_185' title='bbox 712 3832 859 3941; x_wconf 82' lang='lat' dir='ltr'><strong>pelagis</strong></span> <span class='ocrx_word' id='word_1_186' title='bbox 888 3830 1142 3914; x_wconf 84' lang='lat' dir='ltr'><strong>confunditur</strong></span> <span class='ocrx_word' id='word_1_187' title='bbox 1171 3830 1274 3912; x_wconf 91' lang='lat' dir='ltr'><strong>unda</strong></span> <span class='ocrx_word' id='word_1_188' title='bbox 1303 3831 1509 3939; x_wconf 87' lang='lat' dir='ltr'><strong>quaternis.</strong></span> 
     </span>
     <span class='ocr_line' id='line_1_27' title="bbox 426 3956 1376 4067; baseline -0.003 -26"><span class='ocrx_word' id='word_1_189' title='bbox 426 3957 569 4065; x_wconf 84' lang='lat' dir='ltr'><strong>Aspice</strong></span> <span class='ocrx_word' id='word_1_190' title='bbox 597 3981 823 4066; x_wconf 81' lang='lat' dir='ltr'><strong>proruptum</strong></span> <span class='ocrx_word' id='word_1_191' title='bbox 852 3958 1025 4067; x_wconf 86' lang='lat' dir='ltr'><strong>scopulis</strong></span> <span class='ocrx_word' id='word_1_192' title='bbox 1055 3956 1272 4040; x_wconf 82' lang='lat' dir='ltr'><strong>extantibus</strong></span> <span class='ocrx_word' id='word_1_193' title='bbox 1303 3956 1376 4038; x_wconf 88' lang='lat' dir='ltr'><strong>alte</strong></span> 
     </span>
     <span class='ocr_line' id='line_1_28' title="bbox 426 4084 1517 4193; baseline -0.002 -25"><span class='ocrx_word' id='word_1_194' title='bbox 426 4084 484 4168; x_wconf 87' lang='lat' dir='ltr'><strong>Ire</strong></span> <span class='ocrx_word' id='word_1_195' title='bbox 512 4084 584 4167; x_wconf 90' lang='lat' dir='ltr'><strong>sub</strong></span> <span class='ocrx_word' id='word_1_196' title='bbox 614 4106 712 4167; x_wconf 91' lang='lat' dir='ltr'><strong>astra</strong></span> <span class='ocrx_word' id='word_1_197' title='bbox 741 4086 891 4193; x_wconf 89' lang='lat' dir='ltr'><strong>iugum.</strong></span> <span class='ocrx_word' id='word_1_198' title='bbox 923 4086 1039 4193; x_wconf 89' lang='lat' dir='ltr'><strong>Lapis</strong></span> <span class='ocrx_word' id='word_1_199' title='bbox 1069 4084 1133 4166; x_wconf 89' lang='lat' dir='ltr'><strong>ille</strong></span> <span class='ocrx_word' id='word_1_200' title='bbox 1163 4085 1376 4192; x_wconf 87' lang='lat' dir='ltr'><strong>impervius</strong></span> <span class='ocrx_word' id='word_1_201' title='bbox 1405 4084 1517 4181; x_wconf 84' lang='lat' dir='ltr'><strong>oiim,</strong></span> 
     </span>
     <span class='ocr_line' id='line_1_29' title="bbox 313 4211 1362 4327; baseline -0.002 -32"><span class='ocrx_word' id='word_1_202' title='bbox 313 4280 316 4284; x_wconf 89' lang='lat'><strong>.</strong></span> <span class='ocrx_word' id='word_1_203' title='bbox 426 4212 597 4295; x_wconf 90' lang='lat' dir='ltr'><strong>Punicus</strong></span> <span class='ocrx_word' id='word_1_204' title='bbox 627 4211 805 4327; x_wconf 89' lang='lat' dir='ltr'><strong>hesperio</strong></span> <span class='ocrx_word' id='word_1_205' title='bbox 834 4211 959 4295; x_wconf 85' lang='lat' dir='ltr'><strong>donec</strong></span> <span class='ocrx_word' id='word_1_206' title='bbox 987 4211 1061 4294; x_wconf 92' lang='lat' dir='ltr'><strong>sibi</strong></span> <span class='ocrx_word' id='word_1_207' title='bbox 1093 4232 1225 4320; x_wconf 90' lang='lat' dir='ltr'><strong>pastor</strong></span> <span class='ocrx_word' id='word_1_208' title='bbox 1254 4230 1362 4293; x_wconf 90' lang='lat' dir='ltr'><strong>aceto</strong></span> 
     </span>
     <span class='ocr_line' id='line_1_30' title="bbox 426 4338 1451 4447; baseline -0.005 -25"><span class='ocrx_word' id='word_1_209' title='bbox 426 4339 531 4422; x_wconf 89' lang='lat' dir='ltr'><strong>Fecit</strong></span> <span class='ocrx_word' id='word_1_210' title='bbox 558 4360 594 4422; x_wconf 89' lang='lat' dir='ltr'><strong>et</strong></span> <span class='ocrx_word' id='word_1_211' title='bbox 625 4340 715 4447; x_wconf 89' lang='lat' dir='ltr'><strong>igne</strong></span> <span class='ocrx_word' id='word_1_212' title='bbox 742 4340 860 4433; x_wconf 77' lang='lat' dir='ltr'><strong>riam,</strong></span> <span class='ocrx_word' id='word_1_213' title='bbox 890 4341 1033 4422; x_wconf 90' lang='lat' dir='ltr'><strong>nostris</strong></span> <span class='ocrx_word' id='word_1_214' title='bbox 1063 4338 1284 4447; x_wconf 91' lang='lat' dir='ltr'><strong>pastoribus</strong></span> <span class='ocrx_word' id='word_1_215' title='bbox 1314 4338 1451 4445; x_wconf 88' lang='lat' dir='ltr'><strong>ingens</strong></span> 
     </span>
     <span class='ocr_line' id='line_1_31' title="bbox 426 4464 1569 4574; baseline -0.005 -25"><span class='ocrx_word' id='word_1_216' title='bbox 426 4465 631 4549; x_wconf 84' lang='lat' dir='ltr'><strong>Diluviunr</strong></span> <span class='ocrx_word' id='word_1_217' title='bbox 661 4486 907 4574; x_wconf 87' lang='lat' dir='ltr'><strong>stragemque</strong></span> <span class='ocrx_word' id='word_1_218' title='bbox 936 4464 1085 4560; x_wconf 83' lang='lat' dir='ltr'><strong>ferens;</strong></span> <span class='ocrx_word' id='word_1_219' title='bbox 1116 4465 1192 4547; x_wconf 84' lang='lat' dir='ltr'><strong>hoc</strong></span> <span class='ocrx_word' id='word_1_220' title='bbox 1222 4464 1321 4548; x_wconf 83' lang='lat' dir='ltr'><strong>forte</strong></span> <span class='ocrx_word' id='word_1_221' title='bbox 1348 4492 1416 4574; x_wconf 91' lang='lat' dir='ltr'><strong>per</strong></span> <span class='ocrx_word' id='word_1_222' title='bbox 1444 4485 1569 4546; x_wconf 89' lang='lat' dir='ltr'><strong>estum</strong></span> 
     </span>
    </p>
   </div>
   <div class='ocr_carea' id='block_1_2' title="bbox 426 4667 1703 4829">
    <p class='ocr_par' dir='ltr' id='par_1_4' title="bbox 426 4667 1703 4829">
     <span class='ocr_line' id='line_1_32' title="bbox 496 4667 1703 4737; baseline -0.002 -19"><span class='ocrx_word' id='word_1_223' title='bbox 496 4670 529 4723; x_wconf 85' lang='lat' dir='ltr'><strong>V.</strong></span> <span class='ocrx_word' id='word_1_224' title='bbox 548 4682 594 4721; x_wconf 79' lang='lat'><strong>20:</strong></span> <span class='ocrx_word' id='word_1_225' title='bbox 612 4686 706 4722; x_wconf 64' lang='lat' dir='ltr'><strong>eoem·</strong></span> <span class='ocrx_word' id='word_1_226' title='bbox 732 4669 764 4721; x_wconf 80' lang='lat' dir='ltr'><strong>V.</strong></span> <span class='ocrx_word' id='word_1_227' title='bbox 783 4682 830 4735; x_wconf 78' lang='lat'><strong>24:</strong></span> <span class='ocrx_word' id='word_1_228' title='bbox 850 4669 970 4737; x_wconf 79' lang='lat' dir='ltr'><strong>olimpus,</strong></span> <span class='ocrx_word' id='word_1_229' title='bbox 997 4698 1007 4709; x_wconf 94' lang='lat'><strong>·</strong></span> <span class='ocrx_word' id='word_1_230' title='bbox 1034 4669 1067 4721; x_wconf 87' lang='lat' dir='ltr'><strong>V.</strong></span> <span class='ocrx_word' id='word_1_231' title='bbox 1087 4681 1136 4734; x_wconf 77' lang='lat'><strong>27:</strong></span> <span class='ocrx_word' id='word_1_232' title='bbox 1155 4667 1198 4721; x_wconf 85' lang='lat' dir='ltr'><strong>sit.</strong></span> <span class='ocrx_word' id='word_1_233' title='bbox 1227 4698 1235 4709; x_wconf 94' lang='lat'>-</span> <span class='ocrx_word' id='word_1_234' title='bbox 1265 4668 1298 4724; x_wconf 78' lang='lat' dir='ltr'><strong>V.</strong></span> <span class='ocrx_word' id='word_1_235' title='bbox 1317 4681 1367 4735; x_wconf 80' lang='lat'><strong>31:</strong></span> <span class='ocrx_word' id='word_1_236' title='bbox 1386 4667 1432 4720; x_wconf 83' lang='lat' dir='ltr'><strong>sic.</strong></span> <span class='ocrx_word' id='word_1_237' title='bbox 1460 4695 1469 4707; x_wconf 93' lang='lat'><strong>·</strong></span> <span class='ocrx_word' id='word_1_238' title='bbox 1497 4667 1531 4719; x_wconf 74' lang='lat' dir='ltr'><strong>V.</strong></span> <span class='ocrx_word' id='word_1_239' title='bbox 1550 4668 1598 4733; x_wconf 75' lang='lat'><strong>38:</strong></span> <span class='ocrx_word' id='word_1_240' title='bbox 1616 4684 1674 4736; x_wconf 90' lang='lat' dir='ltr'><strong>que.</strong></span> <span class='ocrx_word' id='word_1_241' title='bbox 1698 4696 1703 4703; x_wconf 85' lang='lat'><strong>·</strong></span> 
     </span>
     <span class='ocr_line' id='line_1_33' title="bbox 426 4760 658 4829; baseline 0 0"><span class='ocrx_word' id='word_1_242' title='bbox 426 4761 459 4815; x_wconf 79' lang='lat' dir='ltr'><strong>V·</strong></span> <span class='ocrx_word' id='word_1_243' title='bbox 478 4773 529 4829; x_wconf 74' lang='lat'><strong>⁴5²</strong></span> <span class='ocrx_word' id='word_1_244' title='bbox 547 4760 622 4829; x_wconf 56' lang='lat' dir='ltr'><strong>lani*</strong></span> <span class='ocrx_word' id='word_1_245' title='bbox 639 4760 658 4795; x_wconf 85' lang='grc'><strong>·’</strong></span> 
     </span>
    </p>
   </div>
   <div class='ocr_carea' id='block_1_3' title="bbox 0 0 2092 5217">
    <p class='ocr_par' dir='ltr' id='par_1_5' title="bbox 0 0 2092 5217">
     <span class='ocr_line' id='line_1_34' title="bbox 0 0 2092 5217; baseline 0 0"><span class='ocrx_word' id='word_1_246' title='bbox 0 0 2092 5217; x_wconf 95' lang='lat' dir='ltr'><strong> </strong></span> 
     </span>
    </p>
   </div>
  </div>
 </body>
</html>
