4125 5217
889 365 1042 422 antonio
1065 372 1172 420 bl'Eb'A

695 866 698 872 .
746 883 748 886 ,
775 782 791 833 ·’
867 800 1018 896 [Ecsocs
1040 798 1129 895 Vll]
1150 798 1203 884 (1)

478 1117 520 1182 bis
539 1115 640 1181 sil-uis:
662 1115 693 1177 in
716 1116 879 1177 Avenione.
901 1146 922 1182 -,
941 1111 1053 1174 orriri:
1082 1109 1217 1173 cameris.
1244 1142 1256 1156 ·
1282 1108 1416 1170 slumnci:
1445 1107 1531 1170 Mitio
1559 1104 1632 1169 dicit
1653 1124 1684 1167 se

395 1232 595 1281 stomacatum
618 1234 652 1276 es
675 1212 771 1275 verbis
792 1208 957 1295 pamphyli.
978 1245 988 1257 -
1015 1206 1097 1271 heri:
1126 1209 1218 1285 cristi,
1238 1208 1289 1292 qni
1317 1205 1355 1270 ab
1375 1227 1411 1270 eo
1431 1226 1549 1290 semper
1568 1204 1685 1282 aberat;

365 1377 381 1385 ,.
397 1315 717 1385 lesciensenimarat.
729 1328 767 1375 et
781 1326 882 1395 petrus
904 1311 1034 1372 initiatus
1055 1306 1149 1371 iuerat
1170 1305 1226 1370 sibi
1247 1307 1576 1392 grauissimas-pensas
1597 1307 1687 1369 cristo

397 1413 540 1491 illaturus,
563 1415 617 1476 nisi
639 1433 671 1475 sc
692 1410 863 1474 emendaret
884 1431 901 1471 a
924 1410 1011 1493 uitiis.
1032 1444 1053 1456 ·
1071 1416 1231 1493 pnuurnn:
1252 1408 1413 1491 punitionis
1434 1405 1473 1469 ob
1494 1405 1605 1470 scelera
1626 1404 1641 1489 (
1662 1404 1688 1490 ).

482 1513 674 1597 Lanigerum:
700 1510 868 1596 Respondet
890 1513 954 1594 Epy
976 1524 1005 1571 et
1020 1509 1049 1571 in
1071 1507 1129 1572 hoc
1143 1506 1274 1594 dyalogo
1287 1507 1485 1570 ostenduntur
1502 1506 1596 1569 multa
1617 1507 1689 1569 sitia

370 1613 768 1701 „quibuscainmn'ntutut
780 1609 889 1693 prelati
919 1631 970 1694 per
997 1606 1159 1693 spiritualia
1187 1627 1246 1693 quc
1278 1605 1590 1691 ponuntur-inieritis·
1610 1606 1710 1669 node·

400 1712 472 1777 dicit
493 1716 573 1797 Epy:
595 1733 614 1773 ο
636 1712 743 1797 liptio,
770 1711 793 1772 si
823 1709 1046 1773 consideremus
1069 1728 1222 1771 romanam
1250 1709 1374 1785 curiant,
1395 1722 1458 1771 tota
1486 1721 1530 1770 est
1551 1707 1690 1769 innovata

402 1812 532 1897 prelatis,
553 1813 621 1897 quia
643 1813 733 1895 pestis
755 1808 866 1872 multos
888 1808 1093 1893 absumpserat
1113 1824 1143 1871 et
1165 1806 1251 1870 inulti
1273 1823 1356 1871 erant
1376 1807 1485 1871 infimti
1507 1806 1591 1870 etde
1610 1808 1691 1870 curia

328 1969 333 1976 .
403 1913 596 1976 discesserant
617 1926 737 1995 propter
764 1909 955 1996 epydimiam.
976 1944 996 1956 -
1020 1909 1098 1994 ripe:
1122 1907 1267 1985 Rhodani,
1294 1909 1376 1972 iusta
1397 1928 1486 1992 quem
1514 1905 1618 1991 prelati
1639 1926 1693 1990 pro

403 2014 563 2076 evitatione
585 2012 674 2096 pestis
695 2009 822 2073 stabant.
843 2046 853 2057 ·
875 2008 1013 2074 alternis:
1028 2010 1097 2093 quia
1118 2029 1195 2071 natus
1215 2022 1275 2071 stat
1294 2009 1324 2071 in
1347 2029 1406 2071 uno
1428 2006 1505 2084 loco,
1525 2006 1694 2070 alternatim

403 2111 564 2175 comedunt
584 2108 684 2187 simul,
698 2106 775 2173 sicut
794 2108 828 2171 fit
848 2110 879 2172 in
901 2125 1036 2193 tempore
1050 2108 1199 2193 epydimie
1220 2128 1308 2171 cansa
1329 2106 1543 2171 delectationis.
1564 2143 1575 2155 ·
1595 2107 1693 2170 durni:

403 2208 520 2294 papule,
541 2231 593 2274 seu
614 2212 699 2293 signa
722 2229 779 2294 que
801 2210 941 2272 evenient
960 2209 1194 2272 demonstrantia
1217 2223 1344 2270 utonem
1366 2206 1427 2292 (3).

485 2308 539 2373 lite
567 2309 686 2396 procul:
717 2311 861 2393 Designat
896 2310 1025 2394 primum
1059 2306 1246 2372 Cardinalem
1276 2322 1407 2392 utroque
1438 2305 1557 2370 lascivie
1589 2327 1697 2390 genere

403 2409 611 2495 inquinatum;
635 2424 664 2470 et
686 2424 756 2470 nota
778 2430 832 2493 pro
853 2408 1000 2493 aliquibus
1022 2408 1172 2471 modernis
1193 2406 1399 2470 cardinalibus.
1420 2442 1441 2453 -
1461 2406 1583 2492 capelle:
1606 2427 1697 2469 irrere-

404 2509 502 2571 trices.
523 2544 534 2556 ·
554 2528 754 2592 uerrerernqnc:
777 2524 906 2593 utroque
927 2528 1035 2592 genere
1056 2506 1199 2570 ieritinino
1221 2522 1251 2570 et
1273 2506 1447 2570 masculino.
1468 2507 1614 2569 -rrroriicz
1629 2527 1697 2568 con·

406 2606 514 2672 cubinc
534 2629 606 2685 sue3
628 2608 707 2693 quia,
724 2608 796 2671 licet
817 2629 887 2671 curn
908 2605 1009 2670 multis
1031 2606 1207 2683 luxurietur,
1227 2628 1288 2669 non
1309 2622 1409 2670 tannen
1431 2604 1557 2670 eflicitur
1577 2610 1698 2691 segnior

407 2708 478 2792 quin
510 2728 578 2771 cnm
601 2729 653 2769 sua
681 2709 799 2791 propria
827 2707 992 2771 concubina
1021 2707 1111 2770 ctiam
1139 2705 1239 2769 lusum
1266 2722 1355 2790 agat3
1382 2727 1439 2792 quc
1467 2706 1633 2770 concubina
1655 2722 1698 2769 est

396 2806 462 2869 ¹sibi
493 2806 598 2869 similis
629 2823 658 2870 et
691 2806 843 2869 luxuriosa
875 2822 905 2869 et
935 2806 1051 2870 hisdem
1084 2805 1214 2870 restibus
1245 2805 1384 2870 coloratis
1416 2805 1563 2870 utebatur.
1595 2842 1615 2855 -
1645 2806 1699 2869 iile

406 2912 534 2989 procax:
556 2904 695 2969 describit
723 2906 815 2969 alium
844 2906 1023 2969 cardinalem
1051 2908 1102 2993 qui
1131 2927 1249 2991 semper
1275 2906 1336 2970 ibat
1363 2908 1476 2970 circum
1504 2908 1582 2970 eirca
1607 2906 1700 2969 luxu-

409 3005 512 3068 riando
533 3020 564 3068 et
583 3026 672 3068 senex
695 3022 758 3070 erat
779 3021 813 3069 nt
834 3007 957 3089 primns.
984 3041 995 3053 ·
1021 3014 1118 3092 sepio:
1146 3005 1262 3069 domos.
1290 3041 1301 3054 ·
1329 3003 1443 3068 nullas:
1472 3008 1641 3070 meretrices
1670 3022 1699 3068 et

410 3205 1002 3233 m

481 3362 520 3425 (ι)
539 3355 594 3433 [Cr]
613 3359 691 3412 Istius
711 3361 809 3428 Egloge
828 3374 867 3413 vu
887 3361 976 3414 titnlns
994 3372 1034 3415 est
1049 3382 1063 3412 rr
1073 3380 1135 3430 grex
1148 3363 1257 3416 iniectas
1269 3363 1310 3414 vel
1323 3363 1466 3414 salicetus»
1488 3362 1516 3414 in
1534 3379 1594 3430 qua,
1612 3371 1701 3414 auctor

409 3448 520 3501 intendit
537 3449 634 3501 curiam
654 3449 785 3518 increpare
805 3452 949 3504 Romanam
967 3454 1000 3505 de
1020 3455 1094 3505 malis
1112 3455 1271 3506 ductoribus.
1290 3455 1323 3505 Et
1341 3455 1461 3522 hecquo
1484 3456 1518 3506 ad
1543 3455 1655 3522 prelatos
1674 3463 1700 3506 et

409 3539 568 3591 cardinales.
587 3540 655 3592 Nam
674 3551 762 3593 unctor
782 3542 808 3592 in
828 3544 975 3609 precedenti
994 3562 1087 3612 papam
1106 3544 1255 3611 increparit.
1275 3546 1308 3595 Et
1326 3545 1381 3596 vult
1398 3546 1536 3598 ostendere
1553 3553 1650 3613 quanta
1669 3543 1702 3595 sit

410 3629 513 3681 miseria
531 3629 600 3682 curie
620 3648 733 3693 romane,
752 3633 784 3683 Et
802 3634 836 3683 ad
854 3633 918 3701 qnid
938 3634 1071 3686 intendant
1096 3634 1187 3702 prelati
1206 3647 1231 3686 et
1251 3635 1361 3687 maxime
1379 3636 1484 3702 qnando
1508 3635 1611 3702 rigebat
1634 3652 1702 3702 papa

410 3718 538 3772 Clemens.
557 3720 733 3789 Colloentores
752 3733 813 3774 aunt
833 3722 906 3774 mitio
926 3708 956 3775 'et
981 3724 1039 3791 Epi.
1064 3725 1105 3775 De
1129 3724 1236 3776 mitione
1262 3725 1359 3776 dietum
1383 3734 1422 3776 est
1447 3741 1525 3792 snpra
1549 3724 1577 3775 in
1603 3725 1702 3792 Egloge

410 3811 565 3877 precedenti.
585 3811 634 3878 Iipi
652 3823 736 3862 antem
756 3812 851 3863 dicitnr
868 3830 884 3863 a
902 3830 979 3880 greco
997 3815 1122 3865 vocabulo
1140 3815 1210 3881 quod
1229 3814 1298 3865 idem
1317 3823 1356 3865 est
1375 3815 1445 3881 qnod
1464 3832 1550 3881 snpra.
1569 3815 1637 3866 Nam
1656 3831 1702 3881 per

409 3899 485 3967 Epirn
504 3900 624 3968 intelligit
644 3903 765 3952 amasiam
784 3919 863 3969 qnam
882 3920 947 3970 papa
967 3921 1015 3971 pro
1034 3904 1088 3955 suis
1107 3904 1281 3972 voluptatibus
1299 3904 1433 3956 retinebat.
1447 3905 1481 3955 Et
1500 3904 1591 3957 merito
1609 3905 1703 3956 dicitur

409 4007 425 4041 a
443 4002 531 4057 supra.
552 3992 619 4043 Nam
639 4003 691 4045 tota
709 3993 780 4045 curia
799 3994 947 4046 subiacebunt
966 3995 1140 4062 voluptatibus
1158 4006 1184 4048 et
1203 3994 1240 4047 sie
1258 3995 1359 4047 luxoria
1377 3994 1405 4046 in
1423 3995 1494 4047 curia
1508 4004 1648 4064 supererat.
1670 3995 1703 4045 Et

410 4080 494 4147 primo
512 4081 683 4134 introducitur
699 4084 733 4134 ad
752 4084 910 4151 loquendam
930 4084 1014 4145 aritio.
1031 4084 1098 4137 idest
1121 4102 1187 4152 papa
1211 4086 1340 4138 Clemens.
1365 4086 1398 4137 Et
1423 4065 1575 4152 Epy‚‘idest
1596 4101 1702 4137 romana

409 4170 489 4223 coria.
508 4172 540 4222 Et
559 4189 625 4239 papa
643 4173 705 4224 dicit
723 4175 794 4240 qnod
813 4174 862 4225 ista
881 4174 951 4226 curia
971 4192 1076 4226 romana
1095 4175 1178 4243 placet
1196 4176 1255 4243 plns
1274 4175 1323 4227 sibi
1348 4187 1453 4243 propter
1476 4175 1600 4227 simonias
1625 4191 1703 4243 quarn

410 4278 500 4313 omnes
519 4262 582 4313 alias
602 4279 651 4325 res,
670 4264 832 4314 ostendendo
849 4264 1024 4332 arrogantiam
1043 4265 1076 4317 de
1096 4274 1200 4333 papatu.

484 4356 523 4420 (2)
541 4371 608 4405 ones:
627 4354 749 4422 prelatos.
767 4383 777 4394 ·
795 4356 895 4406 hircos:
914 4355 1068 4407 cardinales.

482 4447 521 4508 (3)
537 4448 676 4510 pauntiau:
696 4463 742 4513 per
760 4445 876 4498 diversas
896 4446 985 4496 mundi
1005 4455 1091 4512 partes
1109 4445 1236 4513 capiendo
1254 4447 1396 4514 legationes
1418 4458 1444 4499 et
1469 4447 1638 4515 relinquendo
1657 4462 1703 4496 sua

412 4534 542 4585 beneficia.
563 4564 571 4574 ·
584 4536 684 4600 febris:
703 4538 799 4587 odinrn.
820 4567 829 4576 ·
849 4538 957 4587 scabies:
975 4537 1082 4587 avaritia
1101 4549 1126 4589 et
1146 4537 1264 4588 simonia.
1283 4567 1292 4578 -
1309 4557 1417 4591 enciens:
1437 4538 1542 4590 Curiam
1560 4539 1703 4589 Romanam

415 4642 515 4676 sacuam
537 4627 610 4675 bonis
631 4627 743 4692 prelatis.
763 4656 772 4665 ·
793 4629 818 4677 T
816 4646 919 4692 arpenas:
939 4645 991 4678 non
1010 4628 1074 4679 elisit
1094 4638 1174 4694 terga,
1187 4631 1248 4694 qnia
1265 4639 1367 4696 tergora
1386 4639 1445 4680 sunt
1459 4630 1569 4681 serarum
1588 4637 1614 4680 et
1632 4637 1705 4695 terga

412 4716 555 4802 tonantum,
573 4718 606 4766 ad
626 4718 813 4768 ostendendum
833 4719 903 4785 quod
924 4718 1009 4769 vitiosi
1029 4728 1088 4770 sunt
1109 4728 1239 4785 tamquam
1261 4719 1352 4771 bestie.
