<?xml version="1.0" encoding="UTF-8"?>
<!DOCTYPE html PUBLIC "-//W3C//DTD XHTML 1.0 Transitional//EN"
    "http://www.w3.org/TR/xhtml1/DTD/xhtml1-transitional.dtd">
<html xmlns="http://www.w3.org/1999/xhtml" xml:lang="en" lang="en">
 <head>
  <title>
</title>
<meta http-equiv="Content-Type" content="text/html;charset=utf-8" />
  <meta name='ocr-system' content='tesseract 3.04.00' />
  <meta name='ocr-capabilities' content='ocr_page ocr_carea ocr_par ocr_line ocrx_word'/>
</head>
<body>
  <div class='ocr_page' id='page_1' title='image "./ilbucolicumcarm00avengoog_0276.png"; bbox 0 0 4125 5217; ppageno 0'>
   <div class='ocr_carea' id='block_1_1' title="bbox 388 377 1167 444">
    <p class='ocr_par' dir='ltr' id='par_1_1' title="bbox 388 377 1167 444">
     <span class='ocr_line' id='line_1_1' title="bbox 388 377 1167 444; baseline -0.005 0"><span class='ocrx_word' id='word_1_1' title='bbox 388 377 450 444; x_wconf 84' lang='lat'>266</span> <span class='ocrx_word' id='word_1_2' title='bbox 884 390 1036 442; x_wconf 78' lang='lat' dir='ltr'>antonio</span> <span class='ocrx_word' id='word_1_3' title='bbox 1060 391 1167 440; x_wconf 75' lang='lat' dir='ltr'>avena</span> 
     </span>
    </p>
   </div>
   <div class='ocr_carea' id='block_1_2' title="bbox 387 526 822 539">
    <p class='ocr_par' dir='ltr' id='par_1_2' title="bbox 387 526 822 539">
     <span class='ocr_line' id='line_1_2' title="bbox 387 526 822 539; baseline -0.011 0"><span class='ocrx_word' id='word_1_4' title='bbox 387 533 397 539; x_wconf 75' lang='lat'>.-</span> <span class='ocrx_word' id='word_1_5' title='bbox 427 528 656 539; x_wconf 51' lang='grc' dir='ltr'>..σμ’-*ιω</span> <span class='ocrx_word' id='word_1_6' title='bbox 666 526 822 535; x_wconf 60' lang='grc' dir='ltr'>...ο---</span> 
     </span>
    </p>
   </div>
   <div class='ocr_carea' id='block_1_3' title="bbox 386 652 1677 939">
    <p class='ocr_par' dir='ltr' id='par_1_3' title="bbox 386 652 1677 939">
     <span class='ocr_line' id='line_1_3' title="bbox 386 652 1676 739; baseline -0.004 -19"><span class='ocrx_word' id='word_1_7' title='bbox 386 662 460 720; x_wconf 79' lang='lat' dir='ltr'>rtr‘n:</span> <span class='ocrx_word' id='word_1_8' title='bbox 484 657 678 739; x_wconf 82' lang='lat' dir='ltr'>temperantia</span> <span class='ocrx_word' id='word_1_9' title='bbox 708 654 862 733; x_wconf 76' lang='lat' dir='ltr'>desiterij3</span> <span class='ocrx_word' id='word_1_10' title='bbox 892 673 960 714; x_wconf 86' lang='lat' dir='ltr'>narn</span> <span class='ocrx_word' id='word_1_11' title='bbox 990 652 1085 735; x_wconf 84' lang='lat' dir='ltr'>pudor</span> <span class='ocrx_word' id='word_1_12' title='bbox 1113 667 1143 716; x_wconf 90' lang='lat' dir='ltr'>et</span> <span class='ocrx_word' id='word_1_13' title='bbox 1171 653 1314 716; x_wconf 77' lang='lat' dir='ltr'>ntorlestia</span> <span class='ocrx_word' id='word_1_14' title='bbox 1341 668 1371 715; x_wconf 91' lang='lat' dir='ltr'>et</span> <span class='ocrx_word' id='word_1_15' title='bbox 1398 654 1592 736; x_wconf 79' lang='lat' dir='ltr'>temperantia</span> <span class='ocrx_word' id='word_1_16' title='bbox 1619 654 1676 716; x_wconf 74' lang='lat' dir='ltr'>ele-</span> 
     </span>
     <span class='ocr_line' id='line_1_4' title="bbox 388 752 1677 838; baseline -0.002 -20"><span class='ocrx_word' id='word_1_17' title='bbox 388 757 457 819; x_wconf 90' lang='lat' dir='ltr'>bent</span> <span class='ocrx_word' id='word_1_18' title='bbox 480 757 581 818; x_wconf 78' lang='lat' dir='ltr'>tenire</span> <span class='ocrx_word' id='word_1_19' title='bbox 600 757 628 815; x_wconf 93' lang='lat' dir='ltr'>in</span> <span class='ocrx_word' id='word_1_20' title='bbox 651 769 763 838; x_wconf 81' lang='lat' dir='ltr'>partein</span> <span class='ocrx_word' id='word_1_21' title='bbox 786 756 858 830; x_wconf 80' lang='lat' dir='ltr'>enti,</span> <span class='ocrx_word' id='word_1_22' title='bbox 882 768 914 815; x_wconf 90' lang='lat' dir='ltr'>nt</span> <span class='ocrx_word' id='word_1_23' title='bbox 929 752 966 815; x_wconf 84' lang='lat' dir='ltr'>ad</span> <span class='ocrx_word' id='word_1_24' title='bbox 981 752 1030 815; x_wconf 86' lang='lat' dir='ltr'>illa</span> <span class='ocrx_word' id='word_1_25' title='bbox 1054 753 1215 836; x_wconf 73' lang='lat' dir='ltr'>dirigamus</span> <span class='ocrx_word' id='word_1_26' title='bbox 1236 754 1411 837; x_wconf 86' lang='lat' dir='ltr'>appetitutn,</span> <span class='ocrx_word' id='word_1_27' title='bbox 1431 774 1491 836; x_wconf 89' lang='lat' dir='ltr'>qne</span> <span class='ocrx_word' id='word_1_28' title='bbox 1510 768 1677 837; x_wconf 81' lang='lat' dir='ltr'>congruant</span> 
     </span>
     <span class='ocr_line' id='line_1_5' title="bbox 388 854 1058 939; baseline -0.01 -21"><span class='ocrx_word' id='word_1_29' title='bbox 388 858 456 920; x_wconf 85' lang='lat' dir='ltr'>licet</span> <span class='ocrx_word' id='word_1_30' title='bbox 478 854 624 939; x_wconf 74' lang='lat' dir='ltr'>placeant.</span> <span class='ocrx_word' id='word_1_31' title='bbox 1056 858 1058 861; x_wconf 86' lang='grc'><strong>’</strong></span> 
     </span>
    </p>
   </div>
   <div class='ocr_carea' id='block_1_4' title="bbox 920 1149 1148 1246">
    <p class='ocr_par' dir='ltr' id='par_1_4' title="bbox 920 1149 1148 1246">
     <span class='ocr_line' id='line_1_6' title="bbox 920 1149 1148 1246; baseline -0.004 -25"><span class='ocrx_word' id='word_1_32' title='bbox 920 1149 1071 1244; x_wconf 75' lang='lat' dir='ltr'>[Ennoea</span> <span class='ocrx_word' id='word_1_33' title='bbox 1094 1150 1148 1246; x_wconf 62' lang='lat' dir='ltr'>tt]</span> 
     </span>
    </p>
   </div>
   <div class='ocr_carea' id='block_1_5' title="bbox 389 1477 1681 2061">
    <p class='ocr_par' dir='ltr' id='par_1_5' title="bbox 389 1477 1681 1960">
     <span class='ocr_line' id='line_1_7' title="bbox 472 1477 1680 1563; baseline 0.002 -24"><span class='ocrx_word' id='word_1_34' title='bbox 472 1480 553 1556; x_wconf 79' lang='lat' dir='ltr'>Quid</span> <span class='ocrx_word' id='word_1_35' title='bbox 572 1481 718 1563; x_wconf 78' lang='lat' dir='ltr'>gorr&#39;trr&#39;a:</span> <span class='ocrx_word' id='word_1_36' title='bbox 742 1482 825 1541; x_wconf 83' lang='lat' dir='ltr'>tiarae</span> <span class='ocrx_word' id='word_1_37' title='bbox 847 1480 983 1560; x_wconf 79' lang='lat' dir='ltr'>quintam</span> <span class='ocrx_word' id='word_1_38' title='bbox 1005 1477 1144 1561; x_wconf 77' lang='lat' dir='ltr'>eglogant</span> <span class='ocrx_word' id='word_1_39' title='bbox 1168 1477 1324 1539; x_wconf 81' lang='lat' dir='ltr'>Petrarcba</span> <span class='ocrx_word' id='word_1_40' title='bbox 1351 1478 1520 1560; x_wconf 83' lang='lat' dir='ltr'><strong>composuit</strong></span> <span class='ocrx_word' id='word_1_41' title='bbox 1541 1477 1680 1541; x_wconf 74' lang='lat' dir='ltr'>conside·</span> 
     </span>
     <span class='ocr_line' id='line_1_8' title="bbox 390 1566 1679 1660; baseline -0.002 -19"><span class='ocrx_word' id='word_1_42' title='bbox 390 1566 503 1641; x_wconf 77' lang='lat' dir='ltr'>rarione</span> <span class='ocrx_word' id='word_1_43' title='bbox 533 1578 652 1643; x_wconf 77' lang='lat' dir='ltr'>Nicolai·</span> <span class='ocrx_word' id='word_1_44' title='bbox 679 1579 764 1642; x_wconf 63' lang='lat' dir='ltr'>‹ilnte</span> <span class='ocrx_word' id='word_1_45' title='bbox 794 1578 882 1641; x_wconf 80' lang='lat' dir='ltr'>Urbis</span> <span class='ocrx_word' id='word_1_46' title='bbox 911 1578 1057 1654; x_wconf 86' lang='lat' dir='ltr'>tribunus,</span> <span class='ocrx_word' id='word_1_47' title='bbox 1078 1579 1154 1640; x_wconf 82' lang='lat' dir='ltr'>sieut</span> <span class='ocrx_word' id='word_1_48' title='bbox 1182 1578 1245 1660; x_wconf 85' lang='lat' dir='ltr'>ipse</span> <span class='ocrx_word' id='word_1_49' title='bbox 1266 1592 1391 1639; x_wconf 83' lang='lat' dir='ltr'>testnur</span> <span class='ocrx_word' id='word_1_50' title='bbox 1418 1579 1447 1638; x_wconf 93' lang='lat' dir='ltr'>in</span> <span class='ocrx_word' id='word_1_51' title='bbox 1469 1575 1596 1659; x_wconf 84' lang='lat' dir='ltr'>quadarn</span> <span class='ocrx_word' id='word_1_52' title='bbox 1617 1578 1679 1638; x_wconf 78' lang='lat' dir='ltr'>ctus</span> 
     </span>
     <span class='ocr_line' id='line_1_9' title="bbox 389 1675 1680 1763; baseline -0.007 -21"><span class='ocrx_word' id='word_1_53' title='bbox 389 1680 514 1763; x_wconf 77' lang='lat' dir='ltr'>epotrrla</span> <span class='ocrx_word' id='word_1_54' title='bbox 537 1678 676 1761; x_wconf 72' lang='lat' dir='ltr'>eglognn</span> <span class='ocrx_word' id='word_1_55' title='bbox 698 1694 865 1760; x_wconf 78' lang='lat' dir='ltr'>exponente</span> <span class='ocrx_word' id='word_1_56' title='bbox 887 1698 945 1761; x_wconf 90' lang='lat' dir='ltr'>que</span> <span class='ocrx_word' id='word_1_57' title='bbox 966 1678 1069 1758; x_wconf 79' lang='lat' dir='ltr'>incipit</span> <span class='ocrx_word' id='word_1_58' title='bbox 1092 1680 1219 1759; x_wconf 72' lang='lat' dir='ltr'>«Nuper</span> <span class='ocrx_word' id='word_1_59' title='bbox 1238 1697 1274 1739; x_wconf 81' lang='lat' dir='ltr'>ex</span> <span class='ocrx_word' id='word_1_60' title='bbox 1295 1675 1431 1760; x_wconf 80' lang='lat' dir='ltr'>procellis</span> <span class='ocrx_word' id='word_1_61' title='bbox 1453 1675 1540 1739; x_wconf 85' lang='lat' dir='ltr'>buius</span> <span class='ocrx_word' id='word_1_62' title='bbox 1561 1678 1680 1752; x_wconf 77' lang='lat' dir='ltr'>curie»,</span> 
     </span>
     <span class='ocr_line' id='line_1_10' title="bbox 389 1776 1681 1859; baseline -0.003 -18"><span class='ocrx_word' id='word_1_63' title='bbox 389 1798 446 1841; x_wconf 58' lang='lat' dir='ltr'>ctc0</span> <span class='ocrx_word' id='word_1_64' title='bbox 470 1782 506 1840; x_wconf 75' lang='lat' dir='ltr'>lit</span> <span class='ocrx_word' id='word_1_65' title='bbox 528 1780 605 1840; x_wconf 90' lang='lat' dir='ltr'>inter</span> <span class='ocrx_word' id='word_1_66' title='bbox 626 1795 723 1839; x_wconf 84' lang='lat' dir='ltr'>cetera</span> <span class='ocrx_word' id='word_1_67' title='bbox 744 1778 779 1839; x_wconf 84' lang='lat' dir='ltr'>ad</span> <span class='ocrx_word' id='word_1_68' title='bbox 802 1779 864 1838; x_wconf 86' lang='lat' dir='ltr'>cius</span> <span class='ocrx_word' id='word_1_69' title='bbox 887 1777 994 1859; x_wconf 79' lang='lat' dir='ltr'>egloge</span> <span class='ocrx_word' id='word_1_70' title='bbox 1016 1778 1232 1859; x_wconf 81' lang='lat' dir='ltr'>expositionem</span> <span class='ocrx_word' id='word_1_71' title='bbox 1253 1776 1395 1838; x_wconf 77' lang='lat' dir='ltr'>accedens</span> <span class='ocrx_word' id='word_1_72' title='bbox 1410 1777 1452 1839; x_wconf 86' lang='lat' dir='ltr'>sic</span> <span class='ocrx_word' id='word_1_73' title='bbox 1467 1777 1523 1838; x_wconf 84' lang='lat' dir='ltr'>ait:</span> <span class='ocrx_word' id='word_1_74' title='bbox 1545 1778 1614 1839; x_wconf 89' lang='lat' dir='ltr'>Duo</span> <span class='ocrx_word' id='word_1_75' title='bbox 1635 1795 1681 1859; x_wconf 81' lang='lat' dir='ltr'>pn·</span> 
     </span>
     <span class='ocr_line' id='line_1_11' title="bbox 389 1875 1259 1960; baseline -0.002 -19"><span class='ocrx_word' id='word_1_76' title='bbox 389 1894 484 1941; x_wconf 76' lang='lat' dir='ltr'>stores</span> <span class='ocrx_word' id='word_1_77' title='bbox 506 1878 620 1953; x_wconf 75' lang='lat' dir='ltr'>fratrea,</span> <span class='ocrx_word' id='word_1_78' title='bbox 640 1878 700 1939; x_wconf 80' lang='lat' dir='ltr'>diro</span> <span class='ocrx_word' id='word_1_79' title='bbox 721 1895 790 1938; x_wconf 90' lang='lat' dir='ltr'>sunt</span> <span class='ocrx_word' id='word_1_80' title='bbox 811 1878 922 1940; x_wconf 75' lang='lat' dir='ltr'>eitiunt</span> <span class='ocrx_word' id='word_1_81' title='bbox 945 1897 1094 1960; x_wconf 75' lang='lat' dir='ltr'>genera...</span> <span class='ocrx_word' id='word_1_82' title='bbox 1116 1896 1177 1939; x_wconf 85' lang='lat' dir='ltr'>ecc.</span> <span class='ocrx_word' id='word_1_83' title='bbox 1200 1875 1259 1959; x_wconf 89' lang='lat' dir='ltr'>(t)</span> 
     </span>
    </p>

    <p class='ocr_par' dir='ltr' id='par_1_6' title="bbox 473 1974 1681 2061">
     <span class='ocr_line' id='line_1_12' title="bbox 473 1974 1681 2061; baseline 0 -23"><span class='ocrx_word' id='word_1_84' title='bbox 473 1977 554 2053; x_wconf 76' lang='lat' dir='ltr'>Qnirt</span> <span class='ocrx_word' id='word_1_85' title='bbox 573 1980 719 2061; x_wconf 78' lang='lat' dir='ltr'>genitrix:</span> <span class='ocrx_word' id='word_1_86' title='bbox 743 1980 804 2039; x_wconf 83' lang='lat' dir='ltr'>lice</span> <span class='ocrx_word' id='word_1_87' title='bbox 822 1991 866 2039; x_wconf 82' lang='lat' dir='ltr'>est</span> <span class='ocrx_word' id='word_1_88' title='bbox 880 1978 982 2060; x_wconf 90' lang='lat' dir='ltr'>quinta</span> <span class='ocrx_word' id='word_1_89' title='bbox 1005 1974 1122 2060; x_wconf 80' lang='lat' dir='ltr'>egloga.</span> <span class='ocrx_word' id='word_1_90' title='bbox 1144 1977 1236 2039; x_wconf 84' lang='lat' dir='ltr'>Cuius</span> <span class='ocrx_word' id='word_1_91' title='bbox 1258 1975 1362 2038; x_wconf 83' lang='lat' dir='ltr'>titulus</span> <span class='ocrx_word' id='word_1_92' title='bbox 1384 1990 1428 2038; x_wconf 81' lang='lat' dir='ltr'>est</span> <span class='ocrx_word' id='word_1_93' title='bbox 1450 1978 1565 2058; x_wconf 80' lang='lat' dir='ltr'>«pietas</span> <span class='ocrx_word' id='word_1_94' title='bbox 1587 1991 1681 2061; x_wconf 84' lang='lat' dir='ltr'>pasto·</span> 
     </span>
    </p>
   </div>
   <div class='ocr_carea' id='block_1_6' title="bbox 391 2222 559 2242">
    <p class='ocr_par' dir='ltr' id='par_1_7' title="bbox 391 2222 559 2242">
     <span class='ocr_line' id='line_1_13' title="bbox 391 2222 559 2242; baseline -0.012 0"><span class='ocrx_word' id='word_1_95' title='bbox 391 2224 423 2242; x_wconf 63' lang='grc' dir='ltr'>-Ε</span> <span class='ocrx_word' id='word_1_96' title='bbox 430 2225 437 2230; x_wconf 89' lang='grc'>·</span> <span class='ocrx_word' id='word_1_97' title='bbox 442 2222 559 2241; x_wconf 51' lang='lat' dir='ltr'>tum</span> 
     </span>
    </p>
   </div>
   <div class='ocr_carea' id='block_1_7' title="bbox 390 2384 1685 3539">
    <p class='ocr_par' dir='ltr' id='par_1_8' title="bbox 390 2384 1685 3539">
     <span class='ocr_line' id='line_1_14' title="bbox 462 2384 1684 2463; baseline -0.002 -23"><span class='ocrx_word' id='word_1_98' title='bbox 462 2392 502 2453; x_wconf 88' lang='lat' dir='ltr'>(t)</span> <span class='ocrx_word' id='word_1_99' title='bbox 515 2384 570 2463; x_wconf 87' lang='lat' dir='ltr'>[Cr]</span> <span class='ocrx_word' id='word_1_100' title='bbox 583 2387 661 2440; x_wconf 70' lang='lat' dir='ltr'>letius</span> <span class='ocrx_word' id='word_1_101' title='bbox 674 2386 763 2455; x_wconf 84' lang='lat' dir='ltr'>quinte</span> <span class='ocrx_word' id='word_1_102' title='bbox 775 2386 893 2455; x_wconf 74' lang='lat' dir='ltr'>Eglogbe</span> <span class='ocrx_word' id='word_1_103' title='bbox 905 2386 995 2438; x_wconf 80' lang='lat' dir='ltr'>titulus</span> <span class='ocrx_word' id='word_1_104' title='bbox 1007 2395 1047 2437; x_wconf 79' lang='lat' dir='ltr'>est</span> <span class='ocrx_word' id='word_1_105' title='bbox 1062 2404 1077 2435; x_wconf 80' lang='lat' dir='ltr'>e</span> <span class='ocrx_word' id='word_1_106' title='bbox 1085 2384 1168 2453; x_wconf 74' lang='lat' dir='ltr'>pietus</span> <span class='ocrx_word' id='word_1_107' title='bbox 1187 2385 1322 2454; x_wconf 65' lang='lat' dir='ltr'>portentis</span> <span class='ocrx_word' id='word_1_108' title='bbox 1332 2403 1347 2434; x_wconf 71' lang='lat' dir='ltr'>n</span> <span class='ocrx_word' id='word_1_109' title='bbox 1358 2405 1366 2447; x_wconf 73' lang='lat'>3</span> <span class='ocrx_word' id='word_1_110' title='bbox 1378 2402 1439 2437; x_wconf 82' lang='lat' dir='ltr'>nern</span> <span class='ocrx_word' id='word_1_111' title='bbox 1452 2402 1518 2438; x_wconf 82' lang='lat' dir='ltr'>nnus</span> <span class='ocrx_word' id='word_1_112' title='bbox 1531 2387 1684 2455; x_wconf 83' lang='lat' dir='ltr'>conloquen-</span> 
     </span>
     <span class='ocr_line' id='line_1_15' title="bbox 390 2476 1683 2548; baseline -0.002 -15"><span class='ocrx_word' id='word_1_113' title='bbox 390 2481 454 2533; x_wconf 84' lang='lat' dir='ltr'>tiurn</span> <span class='ocrx_word' id='word_1_114' title='bbox 473 2482 506 2532; x_wconf 88' lang='lat' dir='ltr'>de</span> <span class='ocrx_word' id='word_1_115' title='bbox 527 2480 620 2548; x_wconf 77' lang='lat' dir='ltr'>pietate</span> <span class='ocrx_word' id='word_1_116' title='bbox 640 2478 762 2546; x_wconf 79' lang='lat' dir='ltr'>disputat.</span> <span class='ocrx_word' id='word_1_117' title='bbox 780 2477 952 2545; x_wconf 80' lang='lat' dir='ltr'>colloqutores</span> <span class='ocrx_word' id='word_1_118' title='bbox 972 2484 1031 2528; x_wconf 78' lang='lat' dir='ltr'>sunt</span> <span class='ocrx_word' id='word_1_119' title='bbox 1051 2485 1112 2538; x_wconf 76' lang='lat' dir='ltr'>tres,</span> <span class='ocrx_word' id='word_1_120' title='bbox 1125 2493 1170 2528; x_wconf 83' lang='lat' dir='ltr'>seu</span> <span class='ocrx_word' id='word_1_121' title='bbox 1189 2476 1298 2528; x_wconf 77' lang='lat' dir='ltr'>Martius</span> <span class='ocrx_word' id='word_1_122' title='bbox 1315 2476 1399 2529; x_wconf 84' lang='lat' dir='ltr'>dietus</span> <span class='ocrx_word' id='word_1_123' title='bbox 1411 2478 1444 2528; x_wconf 91' lang='lat' dir='ltr'>de</span> <span class='ocrx_word' id='word_1_124' title='bbox 1463 2478 1555 2539; x_wconf 70' lang='lat' dir='ltr'>Morte,</span> <span class='ocrx_word' id='word_1_125' title='bbox 1567 2477 1683 2546; x_wconf 76' lang='lat' dir='ltr'>Apritine</span> 
     </span>
     <span class='ocr_line' id='line_1_16' title="bbox 390 2567 1683 2635; baseline -0.002 -11"><span class='ocrx_word' id='word_1_126' title='bbox 390 2573 528 2630; x_wconf 66' lang='lat' dir='ltr'>mundns.</span> <span class='ocrx_word' id='word_1_127' title='bbox 554 2569 657 2622; x_wconf 84' lang='lat' dir='ltr'>Tertius</span> <span class='ocrx_word' id='word_1_128' title='bbox 684 2568 800 2620; x_wconf 77' lang='lat' dir='ltr'>festinus.</span> <span class='ocrx_word' id='word_1_129' title='bbox 820 2585 865 2635; x_wconf 89' lang='lat' dir='ltr'>per</span> <span class='ocrx_word' id='word_1_130' title='bbox 892 2568 1015 2619; x_wconf 85' lang='lat' dir='ltr'>binrtiurn</span> <span class='ocrx_word' id='word_1_131' title='bbox 1041 2567 1156 2634; x_wconf 77' lang='lat' dir='ltr'>intellige</span> <span class='ocrx_word' id='word_1_132' title='bbox 1174 2569 1279 2619; x_wconf 87' lang='lat' dir='ltr'>domum</span> <span class='ocrx_word' id='word_1_133' title='bbox 1304 2568 1510 2620; x_wconf 77' lang='lat' dir='ltr'>columnenainm</span> <span class='ocrx_word' id='word_1_134' title='bbox 1535 2569 1629 2621; x_wconf 74' lang='lat' dir='ltr'>(ticum</span> <span class='ocrx_word' id='word_1_135' title='bbox 1651 2571 1683 2622; x_wconf 85' lang='lat' dir='ltr'>tle</span> 
     </span>
     <span class='ocr_line' id='line_1_17' title="bbox 391 2652 1684 2728; baseline -0.001 -15"><span class='ocrx_word' id='word_1_136' title='bbox 391 2674 472 2713; x_wconf 74' lang='lat' dir='ltr'>morte</span> <span class='ocrx_word' id='word_1_137' title='bbox 491 2661 553 2728; x_wconf 79' lang='lat' dir='ltr'>qnia</span> <span class='ocrx_word' id='word_1_138' title='bbox 572 2662 673 2711; x_wconf 83' lang='lat' dir='ltr'>inerunt</span> <span class='ocrx_word' id='word_1_139' title='bbox 693 2660 810 2710; x_wconf 82' lang='lat' dir='ltr'>homines</span> <span class='ocrx_word' id='word_1_140' title='bbox 837 2652 962 2710; x_wconf 80' lang='lat' dir='ltr'>bellicosi.</span> <span class='ocrx_word' id='word_1_141' title='bbox 981 2659 1098 2726; x_wconf 77' lang='lat' dir='ltr'>Apritins</span> <span class='ocrx_word' id='word_1_142' title='bbox 1124 2658 1218 2710; x_wconf 89' lang='lat' dir='ltr'>dieitur</span> <span class='ocrx_word' id='word_1_143' title='bbox 1242 2660 1276 2709; x_wconf 78' lang='lat' dir='ltr'>eb</span> <span class='ocrx_word' id='word_1_144' title='bbox 1302 2675 1354 2709; x_wconf 91' lang='lat' dir='ltr'>uno</span> <span class='ocrx_word' id='word_1_145' title='bbox 1379 2658 1416 2710; x_wconf 84' lang='lat' dir='ltr'>sic</span> <span class='ocrx_word' id='word_1_146' title='bbox 1435 2668 1525 2711; x_wconf 78' lang='lat' dir='ltr'>vocato</span> <span class='ocrx_word' id='word_1_147' title='bbox 1549 2661 1582 2711; x_wconf 82' lang='lat' dir='ltr'>tle</span> <span class='ocrx_word' id='word_1_148' title='bbox 1606 2660 1684 2713; x_wconf 85' lang='lat' dir='ltr'>dorno</span> 
     </span>
     <span class='ocr_line' id='line_1_18' title="bbox 391 2747 1684 2816; baseline -0.002 -11"><span class='ocrx_word' id='word_1_149' title='bbox 391 2751 557 2811; x_wconf 77' lang='lat' dir='ltr'>Utrinororn,</span> <span class='ocrx_word' id='word_1_150' title='bbox 575 2758 602 2801; x_wconf 92' lang='lat' dir='ltr'>et</span> <span class='ocrx_word' id='word_1_151' title='bbox 620 2759 696 2816; x_wconf 91' lang='lat' dir='ltr'>prout</span> <span class='ocrx_word' id='word_1_152' title='bbox 715 2748 850 2815; x_wconf 75' lang='lat' dir='ltr'>Intellego,</span> <span class='ocrx_word' id='word_1_153' title='bbox 869 2749 975 2799; x_wconf 85' lang='lat' dir='ltr'>domurn</span> <span class='ocrx_word' id='word_1_154' title='bbox 995 2747 1127 2799; x_wconf 81' lang='lat' dir='ltr'>Ursinam.</span> <span class='ocrx_word' id='word_1_155' title='bbox 1146 2764 1193 2815; x_wconf 90' lang='lat' dir='ltr'>per</span> <span class='ocrx_word' id='word_1_156' title='bbox 1218 2747 1339 2799; x_wconf 62' lang='lat' dir='ltr'>tatinum</span> <span class='ocrx_word' id='word_1_157' title='bbox 1366 2748 1482 2815; x_wconf 72' lang='lat' dir='ltr'>intellige</span> <span class='ocrx_word' id='word_1_158' title='bbox 1505 2750 1627 2816; x_wconf 84' lang='lat' dir='ltr'>populum</span> <span class='ocrx_word' id='word_1_159' title='bbox 1646 2766 1684 2802; x_wconf 79' lang='lat' dir='ltr'>ro</span> 
     </span>
     <span class='ocr_line' id='line_1_19' title="bbox 390 2836 1684 2908; baseline -0.001 -15"><span class='ocrx_word' id='word_1_160' title='bbox 390 2858 496 2894; x_wconf 77' lang='lat' dir='ltr'>menum</span> <span class='ocrx_word' id='word_1_161' title='bbox 515 2858 531 2891; x_wconf 77' lang='lat' dir='ltr'>a</span> <span class='ocrx_word' id='word_1_162' title='bbox 550 2839 697 2891; x_wconf 78' lang='lat' dir='ltr'>festinantia</span> <span class='ocrx_word' id='word_1_163' title='bbox 715 2839 782 2890; x_wconf 78' lang='lat' dir='ltr'>vela</span> <span class='ocrx_word' id='word_1_164' title='bbox 802 2837 944 2889; x_wconf 71' lang='lat' dir='ltr'>mobilitate</span> <span class='ocrx_word' id='word_1_165' title='bbox 963 2837 1069 2898; x_wconf 88' lang='lat' dir='ltr'>dictum,</span> <span class='ocrx_word' id='word_1_166' title='bbox 1089 2836 1128 2890; x_wconf 85' lang='lat' dir='ltr'>vel</span> <span class='ocrx_word' id='word_1_167' title='bbox 1148 2838 1214 2889; x_wconf 78' lang='lat' dir='ltr'>tenta</span> <span class='ocrx_word' id='word_1_168' title='bbox 1233 2837 1401 2905; x_wconf 70' lang='lat' dir='ltr'>intelligendo</span> <span class='ocrx_word' id='word_1_169' title='bbox 1419 2846 1467 2889; x_wconf 78' lang='lat' dir='ltr'>eet.</span> <span class='ocrx_word' id='word_1_170' title='bbox 1486 2838 1520 2890; x_wconf 83' lang='lat' dir='ltr'>Et</span> <span class='ocrx_word' id='word_1_171' title='bbox 1538 2840 1590 2891; x_wconf 82' lang='lat' dir='ltr'>duo</span> <span class='ocrx_word' id='word_1_172' title='bbox 1608 2840 1684 2908; x_wconf 84' lang='lat' dir='ltr'>primi</span> 
     </span>
     <span class='ocr_line' id='line_1_20' title="bbox 390 2928 1683 3000; baseline 0 -18"><span class='ocrx_word' id='word_1_173' title='bbox 390 2942 508 3000; x_wconf 67' lang='lat' dir='ltr'>pastores</span> <span class='ocrx_word' id='word_1_174' title='bbox 527 2929 661 2997; x_wconf 75' lang='lat' dir='ltr'>disputent</span> <span class='ocrx_word' id='word_1_175' title='bbox 680 2940 764 2980; x_wconf 88' lang='lat' dir='ltr'>utrum</span> <span class='ocrx_word' id='word_1_176' title='bbox 785 2929 867 2980; x_wconf 84' lang='lat' dir='ltr'>Roma</span> <span class='ocrx_word' id='word_1_177' title='bbox 886 2946 938 2996; x_wconf 90' lang='lat' dir='ltr'>que</span> <span class='ocrx_word' id='word_1_178' title='bbox 957 2945 1004 2996; x_wconf 91' lang='lat' dir='ltr'>per</span> <span class='ocrx_word' id='word_1_179' title='bbox 1022 2928 1123 2980; x_wconf 77' lang='lat' dir='ltr'>senium</span> <span class='ocrx_word' id='word_1_180' title='bbox 1142 2936 1181 2980; x_wconf 79' lang='lat' dir='ltr'>ert</span> <span class='ocrx_word' id='word_1_181' title='bbox 1200 2930 1328 2981; x_wconf 78' lang='lat' dir='ltr'>destructe</span> <span class='ocrx_word' id='word_1_182' title='bbox 1346 2928 1429 2997; x_wconf 88' lang='lat' dir='ltr'>possit</span> <span class='ocrx_word' id='word_1_183' title='bbox 1448 2928 1527 2981; x_wconf 83' lang='lat' dir='ltr'>retici.</span> <span class='ocrx_word' id='word_1_184' title='bbox 1545 2940 1571 2982; x_wconf 88' lang='lat' dir='ltr'>et</span> <span class='ocrx_word' id='word_1_185' title='bbox 1589 2940 1629 2982; x_wconf 76' lang='lat' dir='ltr'>eet</span> <span class='ocrx_word' id='word_1_186' title='bbox 1646 2930 1683 2982; x_wconf 86' lang='lat' dir='ltr'>io·</span> 
     </span>
     <span class='ocr_line' id='line_1_21' title="bbox 391 3017 1685 3093; baseline -0.002 -20"><span class='ocrx_word' id='word_1_187' title='bbox 391 3020 474 3073; x_wconf 88' lang='lat' dir='ltr'>tentio</span> <span class='ocrx_word' id='word_1_188' title='bbox 498 3020 597 3072; x_wconf 69' lang='lat' dir='ltr'>autoris</span> <span class='ocrx_word' id='word_1_189' title='bbox 610 3020 649 3090; x_wconf 84' lang='lat' dir='ltr'>iu</span> <span class='ocrx_word' id='word_1_190' title='bbox 675 3020 722 3093; x_wconf 68' lang='lat' dir='ltr'>hnc</span> <span class='ocrx_word' id='word_1_191' title='bbox 748 3019 848 3088; x_wconf 75' lang='lat' dir='ltr'>Egloge</span> <span class='ocrx_word' id='word_1_192' title='bbox 874 3018 1006 3070; x_wconf 82' lang='lat' dir='ltr'>notificare</span> <span class='ocrx_word' id='word_1_193' title='bbox 1031 3020 1102 3086; x_wconf 90' lang='lat' dir='ltr'>quod</span> <span class='ocrx_word' id='word_1_194' title='bbox 1127 3017 1240 3087; x_wconf 88' lang='lat' dir='ltr'>quelibet</span> <span class='ocrx_word' id='word_1_195' title='bbox 1267 3036 1307 3070; x_wconf 84' lang='lat' dir='ltr'>res</span> <span class='ocrx_word' id='word_1_196' title='bbox 1333 3018 1415 3070; x_wconf 87' lang='lat' dir='ltr'>tendit</span> <span class='ocrx_word' id='word_1_197' title='bbox 1440 3020 1474 3070; x_wconf 81' lang='lat' dir='ltr'>ad</span> <span class='ocrx_word' id='word_1_198' title='bbox 1497 3036 1572 3089; x_wconf 70' lang='lat' dir='ltr'>suunt</span> <span class='ocrx_word' id='word_1_199' title='bbox 1599 3019 1685 3090; x_wconf 67' lang='lat' dir='ltr'>boeto,</span> 
     </span>
     <span class='ocr_line' id='line_1_22' title="bbox 391 3109 1684 3178; baseline -0.002 -14"><span class='ocrx_word' id='word_1_200' title='bbox 391 3128 439 3164; x_wconf 83' lang='lat' dir='ltr'>nec</span> <span class='ocrx_word' id='word_1_201' title='bbox 457 3120 543 3178; x_wconf 84' lang='lat' dir='ltr'>potest</span> <span class='ocrx_word' id='word_1_202' title='bbox 562 3110 589 3160; x_wconf 90' lang='lat' dir='ltr'>in</span> <span class='ocrx_word' id='word_1_203' title='bbox 611 3111 707 3161; x_wconf 88' lang='lat' dir='ltr'>mundo</span> <span class='ocrx_word' id='word_1_204' title='bbox 726 3126 782 3159; x_wconf 82' lang='lat' dir='ltr'>esse</span> <span class='ocrx_word' id='word_1_205' title='bbox 802 3119 926 3177; x_wconf 82' lang='lat' dir='ltr'>perpetua</span> <span class='ocrx_word' id='word_1_206' title='bbox 945 3121 970 3160; x_wconf 91' lang='lat' dir='ltr'>et</span> <span class='ocrx_word' id='word_1_207' title='bbox 989 3109 1067 3160; x_wconf 81' lang='lat' dir='ltr'>etiam</span> <span class='ocrx_word' id='word_1_208' title='bbox 1086 3109 1140 3161; x_wconf 81' lang='lat' dir='ltr'>ruit</span> <span class='ocrx_word' id='word_1_209' title='bbox 1159 3109 1295 3161; x_wconf 81' lang='lat' dir='ltr'>ostendere</span> <span class='ocrx_word' id='word_1_210' title='bbox 1314 3118 1411 3177; x_wconf 68' lang='lat' dir='ltr'>quante</span> <span class='ocrx_word' id='word_1_211' title='bbox 1429 3110 1511 3178; x_wconf 78' lang='lat' dir='ltr'>pietas</span> <span class='ocrx_word' id='word_1_212' title='bbox 1530 3118 1554 3161; x_wconf 90' lang='lat' dir='ltr'>et</span> <span class='ocrx_word' id='word_1_213' title='bbox 1573 3120 1684 3178; x_wconf 70' lang='lat' dir='ltr'>quantos</span> 
     </span>
     <span class='ocr_line' id='line_1_23' title="bbox 390 3199 1683 3268; baseline 0 -15"><span class='ocrx_word' id='word_1_214' title='bbox 390 3218 465 3253; x_wconf 73' lang='lat' dir='ltr'>emor</span> <span class='ocrx_word' id='word_1_215' title='bbox 483 3202 559 3252; x_wconf 88' lang='lat' dir='ltr'>debet</span> <span class='ocrx_word' id='word_1_216' title='bbox 579 3199 668 3251; x_wconf 81' lang='lat' dir='ltr'>baberi</span> <span class='ocrx_word' id='word_1_217' title='bbox 693 3199 759 3251; x_wconf 77' lang='lat' dir='ltr'>ciroe</span> <span class='ocrx_word' id='word_1_218' title='bbox 785 3199 904 3267; x_wconf 80' lang='lat' dir='ltr'>patriam,</span> <span class='ocrx_word' id='word_1_219' title='bbox 922 3199 955 3250; x_wconf 83' lang='lat' dir='ltr'>Et</span> <span class='ocrx_word' id='word_1_220' title='bbox 974 3201 1044 3267; x_wconf 85' lang='lat' dir='ltr'>quod</span> <span class='ocrx_word' id='word_1_221' title='bbox 1071 3199 1149 3251; x_wconf 87' lang='lat' dir='ltr'>nichil</span> <span class='ocrx_word' id='word_1_222' title='bbox 1167 3209 1207 3251; x_wconf 82' lang='lat' dir='ltr'>est</span> <span class='ocrx_word' id='word_1_223' title='bbox 1225 3200 1386 3251; x_wconf 83' lang='lat' dir='ltr'>renuentium</span> <span class='ocrx_word' id='word_1_224' title='bbox 1405 3216 1453 3268; x_wconf 89' lang='lat' dir='ltr'>pro</span> <span class='ocrx_word' id='word_1_225' title='bbox 1470 3200 1563 3267; x_wconf 73' lang='lat' dir='ltr'>patrie,</span> <span class='ocrx_word' id='word_1_226' title='bbox 1581 3201 1627 3252; x_wconf 76' lang='lat' dir='ltr'>red</span> <span class='ocrx_word' id='word_1_227' title='bbox 1644 3211 1683 3253; x_wconf 79' lang='lat' dir='ltr'>eet</span> 
     </span>
     <span class='ocr_line' id='line_1_24' title="bbox 391 3290 1684 3359; baseline 0 -16"><span class='ocrx_word' id='word_1_228' title='bbox 391 3291 480 3343; x_wconf 74' lang='lat' dir='ltr'>omnin</span> <span class='ocrx_word' id='word_1_229' title='bbox 499 3291 662 3341; x_wconf 76' lang='lat' dir='ltr'>subeundum</span> <span class='ocrx_word' id='word_1_230' title='bbox 672 3309 680 3352; x_wconf 85' lang='lat'>;</span> <span class='ocrx_word' id='word_1_231' title='bbox 699 3290 753 3340; x_wconf 87' lang='lat' dir='ltr'>vult</span> <span class='ocrx_word' id='word_1_232' title='bbox 772 3290 849 3341; x_wconf 81' lang='lat' dir='ltr'>etiarn</span> <span class='ocrx_word' id='word_1_233' title='bbox 869 3290 979 3342; x_wconf 84' lang='lat' dir='ltr'>finaliter</span> <span class='ocrx_word' id='word_1_234' title='bbox 998 3291 1091 3343; x_wconf 89' lang='lat' dir='ltr'>docete</span> <span class='ocrx_word' id='word_1_235' title='bbox 1108 3291 1178 3357; x_wconf 88' lang='lat' dir='ltr'>quod</span> <span class='ocrx_word' id='word_1_236' title='bbox 1196 3307 1250 3343; x_wconf 87' lang='lat' dir='ltr'>non</span> <span class='ocrx_word' id='word_1_237' title='bbox 1269 3307 1344 3342; x_wconf 82' lang='lat' dir='ltr'>verus</span> <span class='ocrx_word' id='word_1_238' title='bbox 1362 3290 1426 3342; x_wconf 80' lang='lat' dir='ltr'>civis</span> <span class='ocrx_word' id='word_1_239' title='bbox 1452 3306 1505 3342; x_wconf 86' lang='lat' dir='ltr'>non</span> <span class='ocrx_word' id='word_1_240' title='bbox 1523 3299 1607 3359; x_wconf 76' lang='lat' dir='ltr'>potest</span> <span class='ocrx_word' id='word_1_241' title='bbox 1625 3307 1684 3343; x_wconf 80' lang='lat' dir='ltr'>rere</span> 
     </span>
     <span class='ocr_line' id='line_1_25' title="bbox 391 3379 1683 3449; baseline 0 -16"><span class='ocrx_word' id='word_1_242' title='bbox 391 3381 500 3449; x_wconf 80' lang='lat' dir='ltr'>diligere</span> <span class='ocrx_word' id='word_1_243' title='bbox 518 3379 657 3441; x_wconf 79' lang='lat' dir='ltr'>civitatem,</span> <span class='ocrx_word' id='word_1_244' title='bbox 676 3380 831 3432; x_wconf 83' lang='lat' dir='ltr'>concludens</span> <span class='ocrx_word' id='word_1_245' title='bbox 850 3379 928 3431; x_wconf 82' lang='lat' dir='ltr'>etiam</span> <span class='ocrx_word' id='word_1_246' title='bbox 948 3380 1058 3433; x_wconf 80' lang='lat' dir='ltr'>finaliter</span> <span class='ocrx_word' id='word_1_247' title='bbox 1076 3382 1145 3449; x_wconf 87' lang='lat' dir='ltr'>qood</span> <span class='ocrx_word' id='word_1_248' title='bbox 1164 3382 1257 3434; x_wconf 84' lang='lat' dir='ltr'>domos</span> <span class='ocrx_word' id='word_1_249' title='bbox 1269 3381 1476 3434; x_wconf 82' lang='lat' dir='ltr'>colomnensinro</span> <span class='ocrx_word' id='word_1_250' title='bbox 1487 3390 1512 3433; x_wconf 88' lang='lat' dir='ltr'>et</span> <span class='ocrx_word' id='word_1_251' title='bbox 1532 3381 1683 3433; x_wconf 82' lang='lat' dir='ltr'>Ursinornto</span> 
     </span>
     <span class='ocr_line' id='line_1_26' title="bbox 392 3470 794 3539; baseline -0.007 -15"><span class='ocrx_word' id='word_1_252' title='bbox 392 3488 446 3524; x_wconf 84' lang='lat' dir='ltr'>non</span> <span class='ocrx_word' id='word_1_253' title='bbox 465 3480 526 3522; x_wconf 80' lang='lat' dir='ltr'>sont</span> <span class='ocrx_word' id='word_1_254' title='bbox 545 3470 649 3539; x_wconf 81' lang='lat' dir='ltr'>proprie</span> <span class='ocrx_word' id='word_1_255' title='bbox 668 3471 794 3523; x_wconf 74' lang='lat' dir='ltr'>Romane.</span> 
     </span>
    </p>
   </div>
   <div class='ocr_carea' id='block_1_8' title="bbox 391 3648 1685 4356">
    <p class='ocr_par' dir='ltr' id='par_1_9' title="bbox 391 3648 1685 4356">
     <span class='ocr_line' id='line_1_27' title="bbox 463 3648 1684 3722; baseline 0.003 -20"><span class='ocrx_word' id='word_1_256' title='bbox 463 3648 511 3721; x_wconf 79' lang='lat' dir='ltr'>[N]</span> <span class='ocrx_word' id='word_1_257' title='bbox 529 3650 560 3701; x_wconf 88' lang='lat' dir='ltr'>ln</span> <span class='ocrx_word' id='word_1_258' title='bbox 581 3651 630 3702; x_wconf 77' lang='lat' dir='ltr'>iste</span> <span class='ocrx_word' id='word_1_259' title='bbox 648 3651 737 3719; x_wconf 77' lang='lat' dir='ltr'>quinte</span> <span class='ocrx_word' id='word_1_260' title='bbox 756 3652 848 3719; x_wconf 74' lang='lat' dir='ltr'>egloga</span> <span class='ocrx_word' id='word_1_261' title='bbox 867 3651 1012 3704; x_wconf 87' lang='lat' dir='ltr'>continetur</span> <span class='ocrx_word' id='word_1_262' title='bbox 1026 3663 1113 3704; x_wconf 71' lang='lat' dir='ltr'>stritus</span> <span class='ocrx_word' id='word_1_263' title='bbox 1139 3670 1221 3717; x_wconf 83' lang='lat' dir='ltr'>rome,</span> <span class='ocrx_word' id='word_1_264' title='bbox 1239 3656 1271 3706; x_wconf 90' lang='lat' dir='ltr'>de</span> <span class='ocrx_word' id='word_1_265' title='bbox 1292 3670 1345 3722; x_wconf 86' lang='lat' dir='ltr'>qno</span> <span class='ocrx_word' id='word_1_266' title='bbox 1363 3654 1486 3721; x_wconf 83' lang='lat' dir='ltr'>loquutur</span> <span class='ocrx_word' id='word_1_267' title='bbox 1504 3655 1557 3705; x_wconf 90' lang='lat' dir='ltr'>duo</span> <span class='ocrx_word' id='word_1_268' title='bbox 1577 3654 1684 3716; x_wconf 76' lang='lat' dir='ltr'>moreni,</span> 
     </span>
     <span class='ocr_line' id='line_1_28' title="bbox 392 3740 1684 3813; baseline 0.002 -19"><span class='ocrx_word' id='word_1_269' title='bbox 392 3760 438 3794; x_wconf 77' lang='lat' dir='ltr'>sen</span> <span class='ocrx_word' id='word_1_270' title='bbox 458 3741 565 3792; x_wconf 73' lang='lat' dir='ltr'>martine</span> <span class='ocrx_word' id='word_1_271' title='bbox 585 3742 617 3793; x_wconf 87' lang='lat' dir='ltr'>de</span> <span class='ocrx_word' id='word_1_272' title='bbox 636 3743 713 3793; x_wconf 87' lang='lat' dir='ltr'>domo</span> <span class='ocrx_word' id='word_1_273' title='bbox 732 3742 928 3794; x_wconf 86' lang='lat' dir='ltr'>coloonensium</span> <span class='ocrx_word' id='word_1_274' title='bbox 948 3740 984 3796; x_wconf 85' lang='lat' dir='ltr'>iet</span> <span class='ocrx_word' id='word_1_275' title='bbox 1010 3743 1104 3795; x_wconf 89' lang='lat' dir='ltr'>dicitur</span> <span class='ocrx_word' id='word_1_276' title='bbox 1131 3745 1237 3796; x_wconf 77' lang='lat' dir='ltr'>martius</span> <span class='ocrx_word' id='word_1_277' title='bbox 1260 3744 1396 3797; x_wconf 79' lang='lat' dir='ltr'>bellicosus</span> <span class='ocrx_word' id='word_1_278' title='bbox 1421 3761 1453 3796; x_wconf 93' lang='lat' dir='ltr'>eo</span> <span class='ocrx_word' id='word_1_279' title='bbox 1478 3745 1548 3813; x_wconf 89' lang='lat' dir='ltr'>quod</span> <span class='ocrx_word' id='word_1_280' title='bbox 1567 3761 1633 3796; x_wconf 83' lang='lat' dir='ltr'>nnus</span> <span class='ocrx_word' id='word_1_281' title='bbox 1652 3746 1684 3797; x_wconf 89' lang='lat' dir='ltr'>de</span> 
     </span>
     <span class='ocr_line' id='line_1_29' title="bbox 392 3833 1684 3902; baseline 0.002 -18"><span class='ocrx_word' id='word_1_282' title='bbox 392 3833 508 3901; x_wconf 72' lang='lat' dir='ltr'>ipsorum</span> <span class='ocrx_word' id='word_1_283' title='bbox 528 3834 606 3884; x_wconf 87' lang='lat' dir='ltr'>dotno</span> <span class='ocrx_word' id='word_1_284' title='bbox 624 3833 682 3884; x_wconf 84' lang='lat' dir='ltr'>lecit</span> <span class='ocrx_word' id='word_1_285' title='bbox 702 3834 765 3899; x_wconf 87' lang='lat' dir='ltr'>rnorj</span> <span class='ocrx_word' id='word_1_286' title='bbox 786 3850 879 3901; x_wconf 79' lang='lat' dir='ltr'>popam</span> <span class='ocrx_word' id='word_1_287' title='bbox 899 3833 1062 3902; x_wconf 73' lang='lat' dir='ltr'>bonifatium)</span> <span class='ocrx_word' id='word_1_288' title='bbox 1080 3835 1144 3886; x_wconf 82' lang='lat' dir='ltr'>alter</span> <span class='ocrx_word' id='word_1_289' title='bbox 1164 3851 1224 3885; x_wconf 79' lang='lat' dir='ltr'>tero</span> <span class='ocrx_word' id='word_1_290' title='bbox 1242 3835 1288 3885; x_wconf 85' lang='lat' dir='ltr'>t&#39;uit</span> <span class='ocrx_word' id='word_1_291' title='bbox 1308 3833 1395 3901; x_wconf 85' lang='lat' dir='ltr'>ipitius</span> <span class='ocrx_word' id='word_1_292' title='bbox 1408 3836 1472 3899; x_wconf 84' lang='lat' dir='ltr'>(ric)</span> <span class='ocrx_word' id='word_1_293' title='bbox 1485 3836 1517 3886; x_wconf 90' lang='lat' dir='ltr'>de</span> <span class='ocrx_word' id='word_1_294' title='bbox 1537 3834 1641 3895; x_wconf 75' lang='lat' dir='ltr'>ursinis,</span> <span class='ocrx_word' id='word_1_295' title='bbox 1659 3843 1684 3887; x_wconf 90' lang='lat' dir='ltr'>et</span> 
     </span>
     <span class='ocr_line' id='line_1_30' title="bbox 391 3924 1685 3992; baseline 0.002 -18"><span class='ocrx_word' id='word_1_296' title='bbox 391 3924 487 3975; x_wconf 85' lang='lat' dir='ltr'>dieitur</span> <span class='ocrx_word' id='word_1_297' title='bbox 504 3925 538 3974; x_wconf 78' lang='lat' dir='ltr'>ab</span> <span class='ocrx_word' id='word_1_298' title='bbox 556 3941 573 3973; x_wconf 84' lang='lat' dir='ltr'><strong><em>a</em></strong></span> <span class='ocrx_word' id='word_1_299' title='bbox 591 3925 661 3990; x_wconf 84' lang='lat' dir='ltr'>quorl</span> <span class='ocrx_word' id='word_1_300' title='bbox 674 3935 712 3974; x_wconf 81' lang='lat' dir='ltr'>est</span> <span class='ocrx_word' id='word_1_301' title='bbox 725 3926 780 3974; x_wconf 75' lang='lat' dir='ltr'>sine</span> <span class='ocrx_word' id='word_1_302' title='bbox 793 3934 818 3975; x_wconf 91' lang='lat' dir='ltr'>et</span> <span class='ocrx_word' id='word_1_303' title='bbox 827 3924 908 3990; x_wconf 76' lang='lat' dir='ltr'>pictos</span> <span class='ocrx_word' id='word_1_304' title='bbox 922 3925 985 3974; x_wconf 77' lang='lat' dir='ltr'>idest</span> <span class='ocrx_word' id='word_1_305' title='bbox 992 3926 1084 3991; x_wconf 77' lang='lat' dir='ltr'>pietas.</span> <span class='ocrx_word' id='word_1_306' title='bbox 1099 3925 1164 3976; x_wconf 84' lang='lat' dir='ltr'>idest</span> <span class='ocrx_word' id='word_1_307' title='bbox 1177 3924 1232 3976; x_wconf 81' lang='lat' dir='ltr'>sine</span> <span class='ocrx_word' id='word_1_308' title='bbox 1246 3924 1339 3992; x_wconf 77' lang='lat' dir='ltr'>pietate</span> <span class='ocrx_word' id='word_1_309' title='bbox 1351 3926 1391 3977; x_wconf 78' lang='lat' dir='ltr'>vel</span> <span class='ocrx_word' id='word_1_310' title='bbox 1404 3925 1485 3992; x_wconf 77' lang='lat' dir='ltr'>apice,</span> <span class='ocrx_word' id='word_1_311' title='bbox 1498 3925 1564 3978; x_wconf 75' lang='lat' dir='ltr'>idest</span> <span class='ocrx_word' id='word_1_312' title='bbox 1580 3924 1685 3978; x_wconf 85' lang='lat' dir='ltr'>birrieto</span> 
     </span>
     <span class='ocr_line' id='line_1_31' title="bbox 391 4013 1685 4084; baseline 0.001 -18"><span class='ocrx_word' id='word_1_313' title='bbox 391 4015 462 4082; x_wconf 85' lang='lat' dir='ltr'>qnod</span> <span class='ocrx_word' id='word_1_314' title='bbox 482 4014 537 4082; x_wconf 83' lang='lat' dir='ltr'>ipse</span> <span class='ocrx_word' id='word_1_315' title='bbox 556 4014 662 4075; x_wconf 81' lang='lat' dir='ltr'>terebat,</span> <span class='ocrx_word' id='word_1_316' title='bbox 681 4014 748 4065; x_wconf 83' lang='lat' dir='ltr'>irlest</span> <span class='ocrx_word' id='word_1_317' title='bbox 767 4013 887 4065; x_wconf 84' lang='lat' dir='ltr'>dominus</span> <span class='ocrx_word' id='word_1_318' title='bbox 908 4014 1047 4081; x_wconf 75' lang='lat' dir='ltr'>raynoldus</span> <span class='ocrx_word' id='word_1_319' title='bbox 1065 4017 1097 4066; x_wconf 87' lang='lat' dir='ltr'>de</span> <span class='ocrx_word' id='word_1_320' title='bbox 1117 4014 1237 4077; x_wconf 82' lang='lat' dir='ltr'>Ursinis;</span> <span class='ocrx_word' id='word_1_321' title='bbox 1255 4025 1281 4066; x_wconf 94' lang='lat' dir='ltr'>et</span> <span class='ocrx_word' id='word_1_322' title='bbox 1300 4015 1367 4067; x_wconf 86' lang='lat' dir='ltr'>inter</span> <span class='ocrx_word' id='word_1_323' title='bbox 1377 4032 1443 4083; x_wconf 83' lang='lat' dir='ltr'>qnos</span> <span class='ocrx_word' id='word_1_324' title='bbox 1462 4016 1582 4067; x_wconf 79' lang='lat' dir='ltr'>mortium</span> <span class='ocrx_word' id='word_1_325' title='bbox 1595 4024 1620 4069; x_wconf 90' lang='lat' dir='ltr'>et</span> <span class='ocrx_word' id='word_1_326' title='bbox 1632 4016 1685 4084; x_wconf 80' lang='lat' dir='ltr'>epi·</span> 
     </span>
     <span class='ocr_line' id='line_1_32' title="bbox 392 4104 1685 4175; baseline 0.002 -19"><span class='ocrx_word' id='word_1_327' title='bbox 392 4104 457 4156; x_wconf 81' lang='lat' dir='ltr'>tium</span> <span class='ocrx_word' id='word_1_328' title='bbox 475 4104 551 4155; x_wconf 86' lang='lat' dir='ltr'>lellus</span> <span class='ocrx_word' id='word_1_329' title='bbox 570 4105 707 4166; x_wconf 85' lang='lat' dir='ltr'>bonadote,</span> <span class='ocrx_word' id='word_1_330' title='bbox 727 4121 848 4156; x_wconf 80' lang='lat' dir='ltr'>romanus</span> <span class='ocrx_word' id='word_1_331' title='bbox 866 4105 944 4156; x_wconf 86' lang='lat' dir='ltr'>cerdo</span> <span class='ocrx_word' id='word_1_332' title='bbox 957 4115 982 4157; x_wconf 91' lang='lat' dir='ltr'>et</span> <span class='ocrx_word' id='word_1_333' title='bbox 994 4106 1094 4167; x_wconf 86' lang='lat' dir='ltr'>consul,</span> <span class='ocrx_word' id='word_1_334' title='bbox 1113 4106 1193 4156; x_wconf 86' lang='lat' dir='ltr'>voluit</span> <span class='ocrx_word' id='word_1_335' title='bbox 1207 4105 1310 4158; x_wconf 87' lang='lat' dir='ltr'>mictere</span> <span class='ocrx_word' id='word_1_336' title='bbox 1329 4122 1426 4174; x_wconf 73' lang='lat' dir='ltr'>pacem,</span> <span class='ocrx_word' id='word_1_337' title='bbox 1444 4122 1495 4172; x_wconf 86' lang='lat' dir='ltr'>qne</span> <span class='ocrx_word' id='word_1_338' title='bbox 1513 4122 1566 4157; x_wconf 89' lang='lat' dir='ltr'>non</span> <span class='ocrx_word' id='word_1_339' title='bbox 1585 4115 1685 4175; x_wconf 72' lang='lat' dir='ltr'>poterat</span> 
     </span>
     <span class='ocr_line' id='line_1_33' title="bbox 391 4194 1684 4265; baseline 0.002 -19"><span class='ocrx_word' id='word_1_340' title='bbox 391 4196 458 4247; x_wconf 78' lang='lat' dir='ltr'>edne</span> <span class='ocrx_word' id='word_1_341' title='bbox 478 4194 566 4255; x_wconf 86' lang='lat' dir='ltr'>rnicti;</span> <span class='ocrx_word' id='word_1_342' title='bbox 584 4197 616 4246; x_wconf 87' lang='lat' dir='ltr'>ed</span> <span class='ocrx_word' id='word_1_343' title='bbox 636 4195 694 4247; x_wconf 91' lang='lat' dir='ltr'>ideo</span> <span class='ocrx_word' id='word_1_344' title='bbox 719 4195 812 4247; x_wconf 87' lang='lat' dir='ltr'>dicitur</span> <span class='ocrx_word' id='word_1_345' title='bbox 838 4195 946 4247; x_wconf 75' lang='lat' dir='ltr'>festinus</span> <span class='ocrx_word' id='word_1_346' title='bbox 971 4195 1108 4248; x_wconf 75' lang='lat' dir='ltr'>atestino.</span> <span class='ocrx_word' id='word_1_347' title='bbox 1133 4213 1171 4255; x_wconf 77' lang='lat' dir='ltr'>es,</span> <span class='ocrx_word' id='word_1_348' title='bbox 1189 4195 1250 4263; x_wconf 79' lang='lat' dir='ltr'>quie</span> <span class='ocrx_word' id='word_1_349' title='bbox 1268 4195 1324 4263; x_wconf 86' lang='lat' dir='ltr'>ipse</span> <span class='ocrx_word' id='word_1_350' title='bbox 1342 4196 1416 4248; x_wconf 88' lang='lat' dir='ltr'>lellus</span> <span class='ocrx_word' id='word_1_351' title='bbox 1442 4196 1579 4248; x_wconf 70' lang='lat' dir='ltr'>festinebat</span> <span class='ocrx_word' id='word_1_352' title='bbox 1596 4213 1684 4265; x_wconf 69' lang='lat' dir='ltr'>paoem</span> 
     </span>
     <span class='ocr_line' id='line_1_34' title="bbox 392 4286 1565 4356; baseline 0.001 -19"><span class='ocrx_word' id='word_1_353' title='bbox 392 4286 498 4337; x_wconf 81' lang='lat' dir='ltr'>mictere</span> <span class='ocrx_word' id='word_1_354' title='bbox 517 4286 584 4338; x_wconf 89' lang='lat' dir='ltr'>inter</span> <span class='ocrx_word' id='word_1_355' title='bbox 603 4287 682 4354; x_wconf 86' lang='lat' dir='ltr'>ipsos.</span> <span class='ocrx_word' id='word_1_356' title='bbox 701 4316 710 4325; x_wconf 92' lang='lat'><strong>·</strong></span> <span class='ocrx_word' id='word_1_357' title='bbox 728 4286 847 4348; x_wconf 84' lang='lat' dir='ltr'>Martius,</span> <span class='ocrx_word' id='word_1_358' title='bbox 867 4287 932 4338; x_wconf 80' lang='lat' dir='ltr'>idest</span> <span class='ocrx_word' id='word_1_359' title='bbox 952 4288 1073 4338; x_wconf 87' lang='lat' dir='ltr'>dominus</span> <span class='ocrx_word' id='word_1_360' title='bbox 1093 4286 1206 4338; x_wconf 78' lang='lat' dir='ltr'>stefanus</span> <span class='ocrx_word' id='word_1_361' title='bbox 1224 4286 1325 4338; x_wconf 79' lang='lat' dir='ltr'>anticus</span> <span class='ocrx_word' id='word_1_362' title='bbox 1343 4288 1375 4338; x_wconf 92' lang='lat' dir='ltr'>de</span> <span class='ocrx_word' id='word_1_363' title='bbox 1393 4287 1540 4355; x_wconf 74' lang='lat' dir='ltr'>columpna.</span> <span class='ocrx_word' id='word_1_364' title='bbox 1563 4354 1565 4356; x_wconf 12' lang='grc' dir='ltr'><strong><em>ι</em></strong></span> 
     </span>
    </p>
   </div>
   <div class='ocr_carea' id='block_1_9' title="bbox 390 4465 1685 4807">
    <p class='ocr_par' dir='ltr' id='par_1_10' title="bbox 390 4465 1685 4807">
     <span class='ocr_line' id='line_1_35' title="bbox 463 4465 1685 4537; baseline 0.001 -19"><span class='ocrx_word' id='word_1_365' title='bbox 463 4465 536 4537; x_wconf 71' lang='lat' dir='ltr'>[CB]</span> <span class='ocrx_word' id='word_1_366' title='bbox 555 4467 662 4518; x_wconf 78' lang='lat' dir='ltr'>festinus</span> <span class='ocrx_word' id='word_1_367' title='bbox 676 4468 786 4536; x_wconf 85' lang='lat' dir='ltr'>populns</span> <span class='ocrx_word' id='word_1_368' title='bbox 807 4485 929 4520; x_wconf 84' lang='lat' dir='ltr'>romanus</span> <span class='ocrx_word' id='word_1_369' title='bbox 949 4477 987 4520; x_wconf 85' lang='lat' dir='ltr'>est</span> <span class='ocrx_word' id='word_1_370' title='bbox 1006 4485 1021 4518; x_wconf 83' lang='lat' dir='ltr'>o</span> <span class='ocrx_word' id='word_1_371' title='bbox 1041 4466 1187 4518; x_wconf 77' lang='lat' dir='ltr'>lestineotia</span> <span class='ocrx_word' id='word_1_372' title='bbox 1206 4476 1231 4519; x_wconf 89' lang='lat' dir='ltr'>et</span> <span class='ocrx_word' id='word_1_373' title='bbox 1249 4485 1265 4518; x_wconf 76' lang='lat' dir='ltr'>a</span> <span class='ocrx_word' id='word_1_374' title='bbox 1284 4466 1425 4519; x_wconf 80' lang='lat' dir='ltr'>mobilitate</span> <span class='ocrx_word' id='word_1_375' title='bbox 1446 4467 1548 4530; x_wconf 67' lang='lat' dir='ltr'>dictust</span> <span class='ocrx_word' id='word_1_376' title='bbox 1566 4466 1612 4535; x_wconf 87' lang='lat' dir='ltr'>qui</span> <span class='ocrx_word' id='word_1_377' title='bbox 1631 4475 1685 4519; x_wconf 74' lang='lat' dir='ltr'>ten·</span> 
     </span>
     <span class='ocr_line' id='line_1_36' title="bbox 390 4556 1685 4627; baseline 0.001 -20"><span class='ocrx_word' id='word_1_378' title='bbox 390 4557 450 4607; x_wconf 89' lang='lat' dir='ltr'>dern</span> <span class='ocrx_word' id='word_1_379' title='bbox 469 4556 599 4609; x_wconf 83' lang='lat' dir='ltr'>concludit</span> <span class='ocrx_word' id='word_1_380' title='bbox 619 4558 716 4625; x_wconf 85' lang='lat' dir='ltr'>primos</span> <span class='ocrx_word' id='word_1_381' title='bbox 735 4560 800 4610; x_wconf 90' lang='lat' dir='ltr'>duos</span> <span class='ocrx_word' id='word_1_382' title='bbox 826 4576 878 4609; x_wconf 88' lang='lat' dir='ltr'>non</span> <span class='ocrx_word' id='word_1_383' title='bbox 898 4575 955 4609; x_wconf 81' lang='lat' dir='ltr'>esse</span> <span class='ocrx_word' id='word_1_384' title='bbox 975 4575 1049 4609; x_wconf 80' lang='lat' dir='ltr'>veros</span> <span class='ocrx_word' id='word_1_385' title='bbox 1074 4574 1201 4609; x_wconf 81' lang='lat' dir='ltr'>romanos.</span> <span class='ocrx_word' id='word_1_386' title='bbox 1221 4557 1269 4608; x_wconf 86' lang='lat' dir='ltr'>Vel</span> <span class='ocrx_word' id='word_1_387' title='bbox 1288 4556 1396 4609; x_wconf 81' lang='lat' dir='ltr'>festinus</span> <span class='ocrx_word' id='word_1_388' title='bbox 1415 4558 1537 4627; x_wconf 70' lang='lat' dir='ltr'>accipitur</span> <span class='ocrx_word' id='word_1_389' title='bbox 1556 4574 1604 4625; x_wconf 88' lang='lat' dir='ltr'>pro</span> <span class='ocrx_word' id='word_1_390' title='bbox 1626 4558 1685 4625; x_wconf 71' lang='lat' dir='ltr'>ipso</span> 
     </span>
     <span class='ocr_line' id='line_1_37' title="bbox 390 4647 1684 4717; baseline 0.002 -20"><span class='ocrx_word' id='word_1_391' title='bbox 390 4647 498 4698; x_wconf 86' lang='lat' dir='ltr'>domino</span> <span class='ocrx_word' id='word_1_392' title='bbox 518 4648 651 4699; x_wconf 80' lang='lat' dir='ltr'>francisco.</span> <span class='ocrx_word' id='word_1_393' title='bbox 671 4649 753 4700; x_wconf 77' lang='lat' dir='ltr'>Mater</span> <span class='ocrx_word' id='word_1_394' title='bbox 772 4648 862 4699; x_wconf 84' lang='lat' dir='ltr'>dolens</span> <span class='ocrx_word' id='word_1_395' title='bbox 881 4647 1005 4715; x_wconf 80' lang='lat' dir='ltr'>accipitur</span> <span class='ocrx_word' id='word_1_396' title='bbox 1024 4665 1072 4716; x_wconf 91' lang='lat' dir='ltr'>pro</span> <span class='ocrx_word' id='word_1_397' title='bbox 1091 4648 1181 4699; x_wconf 79' lang='lat' dir='ltr'>Roma.</span> <span class='ocrx_word' id='word_1_398' title='bbox 1200 4648 1303 4699; x_wconf 82' lang='lat' dir='ltr'>Tertius</span> <span class='ocrx_word' id='word_1_399' title='bbox 1329 4648 1414 4700; x_wconf 88' lang='lat' dir='ltr'>minor</span> <span class='ocrx_word' id='word_1_400' title='bbox 1431 4648 1555 4716; x_wconf 75' lang='lat' dir='ltr'>accipitur</span> <span class='ocrx_word' id='word_1_401' title='bbox 1573 4665 1621 4717; x_wconf 87' lang='lat' dir='ltr'>pro</span> <span class='ocrx_word' id='word_1_402' title='bbox 1640 4648 1684 4700; x_wconf 86' lang='lat' dir='ltr'>tri·</span> 
     </span>
     <span class='ocr_line' id='line_1_38' title="bbox 393 4738 1685 4807; baseline 0.003 -19"><span class='ocrx_word' id='word_1_403' title='bbox 393 4740 472 4800; x_wconf 85' lang='lat' dir='ltr'>buno,</span> <span class='ocrx_word' id='word_1_404' title='bbox 492 4756 536 4790; x_wconf 82' lang='lat' dir='ltr'>seu</span> <span class='ocrx_word' id='word_1_405' title='bbox 556 4756 603 4805; x_wconf 91' lang='lat' dir='ltr'>pro</span> <span class='ocrx_word' id='word_1_406' title='bbox 621 4739 685 4790; x_wconf 87' lang='lat' dir='ltr'>Colo</span> <span class='ocrx_word' id='word_1_407' title='bbox 704 4739 789 4805; x_wconf 87' lang='lat' dir='ltr'>Rentij</span> <span class='ocrx_word' id='word_1_408' title='bbox 817 4740 1006 4807; x_wconf 75' lang='lat' dir='ltr'>molendinartj,</span> <span class='ocrx_word' id='word_1_409' title='bbox 1031 4739 1075 4807; x_wconf 88' lang='lat' dir='ltr'>qui</span> <span class='ocrx_word' id='word_1_410' title='bbox 1102 4748 1171 4791; x_wconf 82' lang='lat' dir='ltr'>tante</span> <span class='ocrx_word' id='word_1_411' title='bbox 1189 4738 1295 4791; x_wconf 84' lang='lat' dir='ltr'>scientie</span> <span class='ocrx_word' id='word_1_412' title='bbox 1320 4749 1346 4793; x_wconf 92' lang='lat' dir='ltr'>et</span> <span class='ocrx_word' id='word_1_413' title='bbox 1365 4739 1465 4791; x_wconf 76' lang='lat' dir='ltr'>virtutis</span> <span class='ocrx_word' id='word_1_414' title='bbox 1490 4739 1538 4792; x_wconf 85' lang='lat' dir='ltr'>tuit</span> <span class='ocrx_word' id='word_1_415' title='bbox 1557 4752 1585 4793; x_wconf 85' lang='lat' dir='ltr'>nt</span> <span class='ocrx_word' id='word_1_416' title='bbox 1607 4740 1685 4792; x_wconf 86' lang='lat' dir='ltr'>tribu·</span> 
     </span>
    </p>
   </div>
   <div class='ocr_carea' id='block_1_10' title="bbox 0 0 2073 5217">
    <p class='ocr_par' dir='ltr' id='par_1_11' title="bbox 0 0 2073 5217">
     <span class='ocr_line' id='line_1_39' title="bbox 0 0 2073 5217; baseline 0 0"><span class='ocrx_word' id='word_1_417' title='bbox 0 0 2073 5217; x_wconf 95' lang='lat' dir='ltr'> </span> 
     </span>
    </p>
   </div>
  </div>
 </body>
</html>
