4125 5217
836 382 867 431 ll.
890 381 1077 433 BUCOLICUM
1100 383 1231 432 camum·

393 661 463 746 llla
490 664 612 770 gemit
640 662 879 771 surdumque
908 684 1034 758 vocat,
1066 692 1147 745 non
1177 663 1284 774 irrita
1311 664 1428 757 iusto,

393 790 490 897 Spes
518 787 585 872 ubi
614 788 722 872 nulla
748 792 818 884 tui,
849 792 1006 873 mittens
1035 792 1202 898 suspiria
1230 792 1325 874 celo.

396 916 519 997 Mater
545 934 582 997 et
611 916 694 1024 ipsa
722 914 859 998 dolens
888 917 1030 1022 rogitat
1060 918 1276 1025 misereque
1304 917 1443 1009 sotori,

396 1041 633 1149 lncrepitans
660 1061 710 1135 te,
740 1043 866 1149 poscit
894 1070 1024 1151 opem,
1056 1041 1265 1151 fratresque
1294 1041 1473 1149 superbo·

397 1166 523 1249 affusi
553 1168 742 1275 mestique
771 1196 906 1273 greges
935 1168 1108 1276 silchue
1138 1189 1351 1277 precantur.

398 1294 531 1391 Quem
561 1322 641 1376 non
672 1296 910 1377 movissent?
939 1295 1015 1378 Sed
1046 1295 1290 1378 inesorabilis
1319 1324 1433 1390 unus,

399 1421 541 1516 Durus,
572 1420 821 1516 inhumanus,
851 1421 966 1517 letus,
996 1421 1157 1504 horrens
1186 1421 1353 1530 despicis
1381 1450 1531 1504 omnes.
1654 1450 1666 1489 ⁸

400 1546 510 1644 Quid
538 1568 667 1630 tamen
697 1547 831 1630 officio
861 1547 1027 1642 retrahit,
1059 1549 1132 1631 nisi
1164 1548 1330 1656 pectoris
1359 1548 1472 1631 ardor

401 1674 549 1782 Impius
578 1695 615 1757 et
644 1673 740 1757 fulvi
769 1675 854 1757 sitis
885 1675 1111 1782 importuna
1141 1675 1314 1757 metalli?

400 1800 554 1883 Scilicet
582 1802 770 1884 attonitus
800 1798 962 1904 lulgenti
994 1800 1190 1882 incumbis
1219 1828 1369 1882 acervo.
1412 1878 1416 1886 .

403 1929 504 2009 Hinc
532 1947 670 2034 stupor
698 1927 762 2009 ille
791 1927 929 2022 oculis,
960 1927 1050 2011 lrinc
1080 1928 1145 2010 illa
1174 1926 1326 2009 oblivio
1356 1928 1475 2010 menti

401 2053 596 2137 Celestum
628 2074 740 2163 atque
769 2056 909 2138 anime.
941 2054 1015 2137 Sed
1045 2084 1161 2162 quem
1191 2053 1262 2137 tibi
1292 2054 1455 2136 crimina
1485 2053 1611 2154 linem,

401 2182 653 2276 Promittant,
683 2181 789 2274 audi;
820 2210 910 2265 narn
941 2210 1031 2288 sepe
1061 2181 1225 2264 illustria
1255 2178 1425 2263 multum

403 2306 574 2391 Multum
604 2310 759 2391 anitnos
787 2308 964 2419 exempla
994 2327 1176 2392 movent:
1208 2311 1253 2391 ln
1283 2306 1446 2390 flumine
1475 2328 1587 2389 tusco

402 2436 539 2517 Pastor
566 2463 702 2517 avarus
731 2456 821 2533 erat,
850 2464 977 2544 quem.
998 2465 1066 2545 par
1094 2436 1178 2519 sitis
1207 2432 1379 2542 impulit,
1408 2434 1498 2541 eqni

400 2560 555 2643 federis
583 2559 766 2668 oblitum,
797 2565 942 2671 patrios
970 2561 1238 2645 transcendere
1266 2561 1399 2643 saltus.

403 2687 560 2771 Occidit
589 2689 621 2770 is
651 2690 801 2771 merito
833 2689 970 2772 Gravis
999 2710 1037 2771 at
1065 2689 1247 2794 contagia
1276 2686 1388 2794 culpe

404 2815 650 2896 Immeritum
680 2816 790 2922 parili
819 2836 1015 2898 traxerunt
1044 2815 1197 2897 turbine
1226 2835 1375 2908 natum,

407 2938 701 3049 Inlaustttmque
729 2969 886 3049 gregem
916 2943 1132 3024 innumeris
1161 2961 1287 3023 texere
1314 2940 1478 3046 sagittis.

406 3067 635 3174 Nunquam,
664 3068 698 3149 si
726 3066 815 3150 fidei
845 3068 905 3151 vel
934 3070 966 3150 si
997 3096 1151 3150 memor
1181 3066 1246 3150 ille
1274 3066 1438 3160 decoris,

407 3194 563 3275 Parcius
591 3214 657 3277 aut
684 3194 831 3290 sitiens,
862 3213 966 3276 tanta
993 3223 1083 3278 cum
1114 3214 1240 3299 strage
1269 3220 1433 3275 suorum

407 3319 575 3402 Assirias
603 3342 794 3427 gustasset
822 3349 917 3428 opes
946 3323 1105 3429 aurique
1134 3348 1362 3428 saporem».

408 3445 590 3528 Arthicus
619 3446 688 3529 ltec
716 3468 878 3531 torrens.
910 3449 1045 3530 Motus
1075 3449 1155 3529 Pan
1184 3448 1276 3530 talia
1305 3465 1459 3528 contra:

411 3573 488 3670 «si
517 3594 624 3657 vacat
654 3574 841 3682 exemplis
869 3595 1025 3681 tempus
1054 3573 1162 3656 dare:
1193 3575 1317 3656 Serus
1348 3572 1475 3654 Eoum

409 3700 546 3782 Pastor
573 3699 620 3782 ad
650 3699 843 3784 Eulratem
875 3699 1007 3795 fuerat,
1037 3702 1099 3783 cui
1129 3701 1321 3808 sanguine
1350 3696 1440 3781 suso

408 3826 530 3923 Esset,
547 3876 572 3938 ¹·
600 3828 879 3910 inhumanum!
907 3876 921 3887 ·
948 3827 1094 3909 sitienti
1124 3825 1316 3910 horrenda
1345 3824 1539 3933 voluptas.

409 3952 477 4036 llle
506 3952 613 4036 ferox
641 3954 859 4062 similisque
887 3954 943 4036 tui
973 3954 1144 4036 confinia
1174 3955 1284 4049 ruris,

409 4081 553 4163 Sevitia
580 4080 805 4163 stimulante
836 4081 929 4187 pari,
959 4079 1054 4164 dum
1085 4080 1248 4189 despicit
1277 4080 1411 4187 ampli,

411 4206 675 4290 incustoditos
702 4205 818 4289 vidue
847 4206 1054 4289 trascendit
1084 4208 1123 4288 in
1155 4234 1284 4313 agros,

411 4333 692 4442 lncautumque
721 4335 804 4416 neci
835 4356 969 4416 natum
1001 4334 1117 4417 dedit.
1148 4334 1276 4414 Anxia
1306 4354 1428 4413 mater

479 4554 513 4613 V.
533 4554 582 4607 80:
602 4555 652 4606 Nel
669 4556 726 4606 cod.
746 4555 820 4606 v111.
838 4555 873 4610 G.
893 4565 918 4616 7.
937 4554 1004 4605 della
1022 4555 1085 4605 Nan.
1105 4554 1131 4605 di
1151 4554 1246 4621 Napoli
1266 4553 1287 4604 si
1308 4552 1432 4604 tiscontra
1451 4551 1600 4620 l’aggiunta
1618 4551 1644 4601 di
1661 4567 1695 4601 un

410 4655 495 4699 aest»
517 4648 587 4713 dopo
608 4645 703 4704 «tuin
721 4644 766 4701 el'r.
786 4662 844 4713 pag.
864 4660 907 4696 20.
928 4645 983 4696 Ν.
1002 4656 1052 4711 95:
1073 4646 1121 4697 Nel
1139 4647 1197 4697 cod.
1218 4643 1283 4694 l'lll
1303 4644 1337 4695 G.
1359 4657 1383 4708 7,
1396 4644 1462 4696 della
1477 4643 1542 4694 Nat.
1562 4643 1588 4692 di
1603 4642 1695 4707 Napoli

414 4737 510 4806 leggesi
529 4739 554 4789 la
573 4737 701 4790 variante:
719 4737 817 4788 Occidit
830 4737 853 4788 is
871 4736 963 4788 metito
981 4737 1027 4787 ted
1046 4737 1115 4788 enim
1128 4736 1246 4805 contagia
1259 4735 1353 4803 cnlpe;
1372 4735 1569 4804 cfr.pag.19.·
1589 4734 1619 4785 l'.
1637 4745 1695 4783 rot:

409 4839 494 4882 motos
513 4846 592 4897 pam·
612 4828 645 4881 Υ.
662 4840 723 4894 103:
736 4826 866 4879 eufratem.
