4125 5217
337 394 397 460 152
836 392 984 442 asnonio
1009 393 1116 440 at'rua

340 530 453 539 ..aua—m·-
463 530 482 538 -ι
492 529 509 538 n
516 529 575 537 ..-‚-·-
589 528 712 538 ...ο-ι...-
723 522 1618 537 -wm

338 657 522 738 Carmina
552 655 628 737 iam
661 682 870 762 properans
900 654 1029 734 vicina
1056 672 1183 733 mune
1211 650 1379 732 canebat.

341 787 476 891 lunge
506 782 560 865 ibi
590 803 693 863 trans
725 778 901 871 llarium,
933 807 1069 883 regum
1101 779 1198 860 inter
1226 777 1337 859 busta
1365 806 1555 870 seorsum,

313 912 455 994 'Unus
485 930 565 993 erat
595 906 732 990 rutilus
761 906 883 988 diuini
914 908 1012 987 ruris
1042 926 1168 986 arator

341 1038 424 1133 Qui
457 1036 646 1143 pinguem
676 1034 812 1114 scabro
840 1030 1013 1114 sulcabat
1042 1058 1200 1112 vomere
1229 1057 1424 1135 campum.

346 1165 445 1246 lluic
475 1190 623 1255 cemes,
654 1161 743 1242 ltinc
774 1158 954 1267 prudens,
985 1158 1075 1240 binc
1104 1156 1262 1239 sedulus
1291 1155 1383 1238 alter
1412 1157 1533 1238 aranti

343 1288 550 1374 Certabant
581 1287 708 1392 rigido
737 1285 868 1393 glebas
898 1284 1143 1390 confringere
1173 1304 1305 1366 rastro.

345 1416 466 1498 Terra
496 1412 610 1508 ferax,
640 1412 809 1521 fessique
837 1411 956 1494 boses
986 1431 1021 1493 et
1051 1410 1180 1493 laurea
1209 1438 1415 1517 nusquam,

345 1543 552 1649 Nusquam
586 1538 734 1632 laedere,
764 1559 829 1621 aut
859 1539 1009 1630 minus
1041 1536 1173 1618 viridis
1204 1564 1283 1618 nnn
1313 1536 1438 1640 gloria
1468 1537 1569 1628 serti,

344 1669 439 1751 Non
469 1666 644 1749 studium
678 1666 802 1761 blase,
833 1663 979 1768 fragilis
1008 1693 1098 1745 vox.
1131 1664 1229 1745 Area
1257 1690 1365 1745 sacro

347 1795 469 1877 Fonte
500 1819 643 1885 recens,
673 1811 786 1899 atque
815 1791 890 1872 alta
919 1790 1085 1880 domum
1115 1809 1199 1871 tum
1231 1790 1343 1896 pinea
1372 1790 1445 1872 late

346 1917 454 2001 Silva
483 1919 612 2001 virens
641 1916 850 2025 dulcesque
879 1916 983 2008 olee;
1013 1917 1244 2023 gretnioque
1273 1915 1459 1998 decorum

346 2045 459 2129 Clara
489 2042 627 2127 fovens
658 2072 771 2125 roseo
801 2072 965 2151 puerum
994 2062 1068 2125 stat
1099 2042 1234 2125 limine
1264 2043 1386 2148 virgo.

348 2173 424 2255 Hic
453 2192 632 2253 matrona
662 2169 745 2265 luit,
776 2171 871 2253 ortis
900 2198 975 2278 que
1004 2168 1102 2252 lecta
1131 2171 1304 2265 remotis,

347 2297 541 2379 Vimineis
572 2295 731 2377 calathis
760 2294 910 2403 templo
940 2325 1054 2377 aurea
1084 2324 1203 2403 pruina
1230 2317 1403 2377 sacravn.

349 2424 450 2505 blira
478 2422 630 2530 loquar,
660 2450 852 2529 supraque
882 2422 1021 2512 fidem;
1052 2420 1119 2504 sed
1149 2424 1319 2503 carmina
1349 2421 1427 2503 uidi

350 2551 423 2633 llic
454 2549 642 2644 bominis,
674 2551 888 2657 pariterque
917 2549 1058 2657 aquile,
1089 2549 1213 2644 buris,
1244 2572 1357 2656 atque
1387 2550 1512 2632 leonis

352 2677 573 2783 llispanum
606 2697 737 2757 nostra
767 2675 1037 2758 ittoalulantem
1069 2705 1164 2758 voce
1195 2678 1414 2758 iuvencum.

352 2801 537 2896 l'rocedu,
570 2803 645 2882 iam
677 2802 774 2883 ruris
803 2830 899 2909 opes
929 2804 1083 2884 risurus
1113 2803 1273 2885 etrusci:

351 2928 452 3008 llinc
482 2926 604 3008 michi
635 2925 822 3008 Vulterris
851 2929 1003 3010 iuvenis
1033 2926 1106 3011 fuit
1135 2927 1275 3009 obvius
1304 2927 1403 3022 altis,
1600 2971 1637 3007 aa

349 3051 489 3136 Cultor
519 3056 599 3159 agri
632 3053 804 3159 rigidus,
837 3056 1033 3162 patrieque
1064 3057 1102 3138 in
1134 3055 1313 3137 menibus
1343 3055 1438 3137 alter·

349 3179 506 3274 lenior,
538 3201 574 3261 at
603 3179 773 3261 sterilem
805 3181 993 3262 versando
1023 3202 1201 3288 expertus
1230 3209 1397 3263 arenam.

349 3305 478 3386 Cunta
506 3304 646 3386 debinc
677 3305 821 3387 inculta
850 3307 995 3398 iacent;
1026 3308 1184 3388 adversa
1212 3306 1277 3388 sed
1309 3308 1406 3389 inter

352 3433 458 3514 lmus
488 3432 537 3514 ad
566 3432 754 3539 hispanos
785 3433 922 3516 cultus.
957 3434 1021 3515 list
1051 3434 1233 3516 Corduba
1262 3436 1382 3531 testis,

350 3558 458 3640 Ciris
488 3580 524 3640 et
554 3558 629 3640 alta
658 3587 799 3641 canens
829 3560 874 3641 ad
904 3560 1029 3642 solem
1060 3562 1201 3643 senice
1230 3562 1349 3658 nudo,

350 3685 418 3768 Nil
449 3686 558 3792 patrij
591 3687 784 3767 sermonis
813 3686 970 3780 habens,
1003 3687 1055 3769 nil
1087 3686 1226 3769 frontis
1256 3688 1395 3770 hibere.

350 3812 481 3893 Testis
511 3831 549 3893 et
579 3812 748 3894 Emerita
776 3834 853 3908 est,
874 3834 910 3895 et
940 3812 1107 3910 Bilbilis,
1138 3835 1251 3921 atque
1280 3814 1436 3895 vadosis

350 3935 526 4020 Gadibus
556 3966 624 4019 ora
653 3959 800 4045 tepens,
831 3960 986 4021 noctem
1018 3968 1092 4048 que
1122 3969 1204 4022 sera
1233 3940 1415 4047 diemque

351 4063 501 4146 Ultima
531 4084 755 4169 surgentem
785 4066 909 4147 solem
940 4067 1043 4148 ridet
1073 4089 1187 4175 atque
1216 4069 1427 4150 cadentem.

350 4191 454 4272 llinc
483 4219 559 4296 ego
591 4191 847 4298 llurdegalam
877 4214 1064 4300 repetens,
1096 4196 1135 4275 in
1166 4193 1278 4276 litore
1308 4223 1423 4277 cerno
1495 4239 1497 4243 ·
1598 4238 1637 4275 μυ

421 4444 453 4497 V.
473 4459 539 4511 320:
560 4464 640 4499 muse.
661 4477 668 4487 ·
691 4448 701 4497 l
722 4466 762 4498 vv.
782 4460 853 4513 324·
863 4458 914 4513 325
936 4466 1061 4500 maneano
1080 4448 1121 4499 nel
1141 4450 1197 4507 cml,
1217 4450 1290 4505 l'lll.
1310 4452 1343 4500 (ὶ.
1359 4460 1383 4512 7.
1402 4451 1469 4501 della
1488 4450 1553 4502 Bibl.
1573 4452 1636 4501 Ναὶ.

347 4535 373 4584 di
394 4535 502 4602 Napoll:
522 4537 568 4588 cir.
587 4556 644 4605 pag.
669 4552 707 4602 19.
729 4568 737 4577 ·
757 4539 789 4589 V.
809 4552 876 4604 330:
897 4538 1024 4595 vulterris,
1044 4568 1052 4578 ·
1072 4540 1104 4594 Υ.
1123 4553 1190 4605 333:
1213 4542 1335 4591 Adversa.
1357 4569 1366 4580 ·
1387 4542 1419 4597 V,
1438 4552 1504 4607 337:
1530 4540 1636 4592 etiterita

348 4625 443 4677 bilbilis
460 4631 561 4693 „lupae
582 4658 590 4667 ·
612 4631 622 4679 l
643 4643 697 4680 Μ’.
717 4642 988 4696 337-339maneanu
1019 4631 1059 4682 nel
1089 4633 1205 4699 pretleitu
1233 4632 1319 4683 codice
1347 4632 1414 4683 ‹lella
1444 4632 1508 4682 llibl.
1529 4633 1590 4683 Nat.
1609 4632 1636 4683 di

348 4717 461 4784 Napolir
480 4718 525 4770 cir.
546 4737 604 4787 pag.
628 4734 667 4784 19.
688 4750 696 4759 ·
718 4721 749 4773 i’.
769 4735 836 4787 340:
856 4723 1031 4790 burdegalam.
