4125 5217
705 381 736 431 ll.
758 381 946 432 bucolicum
971 384 1101 429 (tartarus

260 638 309 723 Et
335 618 463 723 rerum
492 641 645 724 turbare
674 642 789 725 vices.
821 643 1070 725 luvenescere
1100 662 1222 725 mater

260 767 406 851 Nostra
435 769 593 875 nequit;
624 771 728 851 varia
756 789 814 851 est
845 770 991 876 pietas;
1021 769 1069 851 de
1098 768 1268 874 coniuge
1297 769 1463 875 quisque
1524 808 1551 835 ιο

263 891 423 1001 Cogitet
450 915 486 978 et
516 896 643 1002 parvis
673 894 824 978 studeat
853 922 1073 977 succurrere
1104 896 1216 977 natis.

221 1015 323 1122 [De
351 1021 537 1127 genitrice
567 1020 718 1104 nichil?
747 1020 931 1103 Sedenim
963 1020 1083 1103 michi
1114 1021 1285 1103 maxima
1315 1019 1448 1102 matris

262 1144 365 1230 Cura
392 1145 524 1229 subest
552 1146 695 1238 vidue;
725 1145 781 1229 nil
811 1145 882 1229 hac
912 1145 1032 1229 michi
1063 1146 1189 1228 carius
1220 1173 1398 1253 usquam.

189 1260 376 1378 ..muts
396 1292 498 1356 vetat
527 1301 610 1355 esse
641 1273 783 1381 pium?
814 1274 962 1356 Munus
992 1273 1076 1355 leve
1106 1271 1235 1355 dulcia
1263 1271 1389 1355 verba.

265 1399 354 1483 Hos
382 1399 581 1495 humeros,
611 1399 680 1483 has
710 1399 777 1482 illa
805 1427 960 1495 manus,
990 1398 1061 1482 bec
1090 1398 1246 1482 brachia
1277 1396 1392 1480 nobis

260 1525 355 1610 Sola
383 1526 500 1623 dedit,
531 1523 725 1634 donisque
754 1528 837 1610 suis
867 1526 1026 1610 casola
1055 1525 1216 1609 fruatur.

264 1653 359 1738 Non
388 1681 522 1737 comes
551 1681 634 1736 esse
662 1653 751 1749 sibi,
781 1674 1035 1762 quascunque
1063 1654 1214 1735 vocarit
1242 1653 1282 1735 in
1312 1679 1414 1747 oras,

267 1778 428 1876 Abnuo,
458 1808 528 1862 nec
556 1779 684 1887 fragili
713 1778 897 1863 baculum
926 1808 990 1862 me
1019 1778 1115 1863 ferre
1144 1798 1308 1861 senecte.

234 1905 340 2013 qnij
369 1906 440 1990 tibi
469 1905 682 1990 consilium
711 1906 796 1990 celo
825 1906 991 1990 tribuere
1019 1934 1180 1998 sereno;

267 2035 385 2134 Nunc
414 2034 535 2143 pietas
564 2053 782 2141 sua‘regna
809 2055 924 2129 tenet,
954 2063 1024 2117 sua
1055 2031 1230 2142 possidet
1261 2060 1393 2115 arma:
1533 2072 1559 2113 ιο

269 2160 393 2246 Filius
421 2190 475 2258 es,
505 2162 619 2245 matri
647 2160 716 2243 vin
743 2160 1024 2244 subveniamus
1054 2160 1216 2269 egenti?

232 2286 394 2394 [farm
424 2288 518 2396 quid
546 2291 754 2397 expectas?
784 2288 931 2371 Omnis
961 2317 1074 2370 mora
1102 2305 1259 2395 torquet
1287 2306 1496 2368 amantem.

235 2413 347 2520 ([F.st
373 2414 517 2499 domus
546 2416 677 2524 ampla
704 2414 792 2510 sibi,
823 2443 1037 2497 nemoroso
1067 2414 1226 2497 condita
1254 2412 1367 2507 colle,

273 2542 433 2625 Dudum
464 2542 709 2649 magnanimi
739 2541 862 2647 longo
892 2570 1011 2649 quarn
1041 2563 1219 2649 tempore
1248 2538 1382 2622 fratres

273 2668 486 2776 Obsequijs
516 2667 670 2752 coluere
701 2669 785 2775 pijs.
818 2668 926 2750 Tum
958 2669 1118 2775 cognita
1147 2667 1221 2750 late

273 2796 398 2880 Mater
426 2816 516 2892 erat,
545 2795 667 2879 saltus
697 2796 815 2878 nimis
845 2795 1043 2877 invidiosa
1072 2822 1139 2903 per
1167 2820 1321 2888 omnes,

273 2921 381 3006 Felix
409 2942 446 3005 et
475 2929 599 3030 partu,
629 2941 666 3004 et
693 2919 936 3004 silvestribus
965 2921 1100 3004 inclita
1128 2921 1248 3028 gacis,

268 3051 568 3137 ,Acaemorum
599 3050 734 3156 regina
765 3069 929 3157 potens;
961 3075 1069 3130 mors
1099 3046 1239 3130 invida¹
1261 3065 1374 3128 natos

275 3176 468 3285 Preripuit
495 3177 647 3271 misere,
678 3177 873 3282 perierunt
886 3192 1067 3283 'corpora
1096 3173 1271 3257 fratrum.

273 3304 395 3386 fama
422 3303 538 3411 viget.
570 3304 658 3385 Nos
687 3300 857 3384 ludibrio
887 3300 1006 3383 dilata
1035 3302 1219 3384 iuventus

274 3430 504 3540 Spiramus;
533 3429 600 3512 sed
629 3428 733 3512 lama
761 3428 869 3524 iacet,
898 3427 1145 3536 tenebrisque
1174 3426 1326 3536 sepulta
1355 3443 1425 3508 est.

275 3556 357 3640 Sub
386 3556 501 3640 nobis
531 3576 680 3639 mutata
708 3555 852 3638 domus
882 3553 1064 3648 fortuna;
1095 3574 1153 3638 tot
1182 3555 1323 3637 annis.

274 3684 504 3779 Incolumis,
534 3705 691 3767 nostros
720 3681 857 3765 cecidit
887 3709 968 3765 non
1000 3709 1112 3790 passa
1141 3680 1304 3763 furores.

277 3811 360 3894 Hec
388 3811 502 3894 matri
530 3809 741 3919 reparanda
768 3809 938 3901 domus;
971 3809 1025 3892 nil
1056 3810 1204 3916 gratius
1234 3807 1304 3902 illi,

269 3939 331 4022 ⁴Ni
359 3965 440 4046 quo
469 3936 546 4020 fata
576 3957 770 4046 premunt,
800 3935 929 4019 fractis
959 3963 1195 4041 consurgere
1224 3932 1349 4047 bustis

277 4065 477 4173 Aspiceret
506 4084 620 4147 natos
648 4086 685 4147 et
713 4084 891 4171 tempora
920 4065 1046 4171 prisca
1075 4062 1224 4144 reverti.

240 4190 395 4301 [Milia
422 4212 514 4274 sunt
543 4189 767 4287 hominum,
797 4218 975 4273 curarum
1005 4188 1116 4272 milia
1145 4187 1279 4270 mille:

276 4318 460 4425 Quisque
490 4315 565 4398 sibi
594 4318 761 4424 sapiens.
794 4316 908 4398 Unde
937 4314 1006 4397 hec
1036 4313 1106 4397 tibi
1137 4314 1294 4396 somnia
1324 4311 1467 4395 frater?

276 4443 423 4528 Pellere
453 4443 677 4551 pauperiem
708 4441 817 4524 labor
845 4461 902 4524 est
931 4440 1164 4523 mortalibus
1194 4440 1345 4544 ingens,

345 4739 379 4792 V.
404 4750 452 4803 19:
471 4709 637 4793 iuvenescere
655 4762 664 4775 ·
682 4735 715 4785 Vs
735 4747 786 4786 22:
805 4734 921 4786 sedenim
940 4762 949 4775 ·
967 4735 1001 4786 V.
1020 4749 1072 4798 24:
1093 4751 1187 4785 mutnus
1206 4761 1214 4773 ·
1235 4734 1266 4784 l'.
1286 4745 1337 4797 32:
1355 4732 1449 4783 omnis.
