4125 5217
205 2958 227 2986 v·
244 2956 298 2995 ro·
309 2957 345 2997 nr

412 398 475 468 232
914 392 1065 443 turonio
1089 394 1196 442 avena

415 677 597 723 ...necessest
618 658 669 741 qui
696 653 825 718 habebat
852 654 910 718 hoc
932 654 1011 739 quod
1041 653 1166 716 iaciebat
1188 655 1358 716 innumeros
1387 675 1498 729 tersus,
1521 654 1587 716 ideo
1607 654 1697 717 dicit:

415 757 473 820 vidi
494 757 545 841 qui
566 757 709 819 continuo
736 754 884 817 alliciebat
913 754 968 828 iac,
989 775 1042 815 sen
1063 755 1113 837 qui
1142 755 1285 815 cmrtinuu
1317 752 1440 815 iaciebat
1462 774 1573 828 versus,
1593 769 1623 815 et
1645 774 1699 815 su-

415 856 522 940 perbus
543 871 573 918 et
594 854 741 938 gloriosus
763 874 889 916 numero
904 874 1060 928 vertumn,
1075 853 1125 937 qui
1143 868 1280 935 runperet
1299 851 1431 934 fragilem
1455 851 1606 924 liscellam,
1627 868 1699 914 stru·

415 956 507 1018 menti
528 956 559 1016 in
579 974 639 1038 quo
660 952 837 1033 coagulatur
858 951 975 1036 lac,qui
998 954 1038 1014 itt
1053 951 1178 1014 faciebat
1198 952 1278 1034 quod
1295 951 1448 1033 rumpebat
1470 971 1531 1024 ms,
1549 970 1600 1012 scu
1621 952 1699 1033 qnod

416 1054 489 1117 liber
509 1052 600 1117 nichil
623 1051 738 1115 valebat
760 1068 790 1115 et
806 1053 880 1113 tristi
903 1053 1024 1114 materia
1041 1066 1070 1113 et
1084 1071 1193 1113 artrara.
1211 1085 1236 1142 .‘
1259 1053 1318 1127 Qui
1328 1070 1336 1111 :
1360 1070 1497 1120 ...rr-:sris
1513 1051 1562 1133 qni
1578 1049 1700 1111 faciebat

416 1148 613 1217 tot‘carmina
633 1152 713 1236 quod
736 1150 898 1214 honerabat
920 1150 1037 1235 [currus
1061 1153 1192 1213 mattatis
1220 1152 1361 1224 iuuencis,
1383 1150 1457 1211 idest
1479 1150 1519 1211 ita
1541 1149 1702 1212 honerabat

415 1250 551 1337 currum]
571 1252 650 1337 quod
666 1254 782 1330 iuvenci
798 1272 858 1313 non
874 1266 1010 1334 poterant
1024 1250 1108 1322 ferre.
1122 1285 1142 1298 ·
1162 1252 1223 1325 Qui
1232 1269 1240 1309 :
1263 1270 1371 1323 ...mom
1386 1251 1512 1333 quinon
1533 1247 1703 1317 intendebat

418 1354 474 1416 nisi
495 1355 662 1435 vituperare
690 1350 764 1414 alius
786 1366 905 1433 poetam
927 1366 956 1413 et
977 1351 1045 1413 ideo
1065 1350 1156 1413 dicit:
1187 1333 1244 1410 vicl
1274 1349 1362 1411 istum
1386 1364 1515 1432 poetam,
1536 1350 1585 1432 qui
1609 1348 1703 1430 rigido

418 1473 555 1516 sermone
576 1467 693 1526 tereret,
714 1451 789 1513 idest
811 1450 928 1513 l‘ricaret
949 1466 1031 1532 terga
1055 1448 1166 1510 bouttm
1186 1448 1282 1509 verbis
1305 1448 1531 1531 increpantibus.
1551 1482 1572 1496 -
1593 1450 1629 1510 lit
1642 1446 1705 1508 uidi

418 1551 537 1615 Aliana:
559 1572 612 1613 seu
634 1570 874 1624 anastomaaun,
895 1551 945 1633 qui
974 1548 1121 1611 scribebat
1144 1548 1219 1611 furta
1241 1548 1367 1610 aliomm
1390 1563 1544 1632 poetarum
1565 1548 1602 1626 de
1623 1546 1704 1609 libris

418 1649 563 1726 aliorum3
584 1663 614 1712 et
638 1649 694 1710 cidi
724 1660 931 1720 Aristonautai,
953 1650 1002 1732 qui
1036 1648 1174 1711 describit
1207 1647 1346 1709 biblidam
1374 1647 1529 1709 mulierem
1559 1645 1703 1709 furentem

396 1768 520 1833 ‘autore
540 1746 672 1809 indebito
686 1762 716 1809 et
738 1745 941 1829 inlegiptimm
963 1747 998 1808 ed
1015 1748 1072 1808 ridi
1090 1767 1221 1820 aaaron,
1236 1748 1285 1831 qui
1302 1748 1356 1808 luit
1377 1747 1525 1807 maximus
1540 1743 1705 1829 astrolagus
1748 1750 1751 1755 '

420 1863 517 1931 poeta,
537 1849 589 1930 qui
609 1846 747 1908 describit
777 1848 900 1908 metrice
928 1846 1121 1930 astrologiam
1143 1861 1172 1908 et
1200 1845 1294 1908 solean
1316 1862 1345 1907 ct
1367 1844 1467 1907 lunam
1489 1846 1589 1930 etqui
1611 1858 1706 1906 araret

419 1967 489 2010 arva
510 1944 668 2020 stellantia,
683 1946 757 2008 idest
772 1944 853 2008 celos
867 1944 1012 2020 stellatos,
1028 1962 1057 2008 et
1077 1948 1128 2030 qni
1144 1960 1239 2008 araret
1260 1944 1357 2007 celum
1374 1945 1486 2007 uolneri
1508 1961 1616 2021 aratro,
1631 1943 1706 2006 idest

421 2045 515 2109 veloci
539 2047 668 2129 ingenio.
691 2061 721 2108 et
743 2046 802 2108 ridi
825 2045 927 2116 alium,
955 2064 1019 2107 seu'
1038 2066 1211 2109 anrrrrosnst
1238 2048 1289 2129 qui
1321 2045 1487 2129 pulsatione
1511 2045 1634 2130 cythare
1654 2064 1707 2106 sue

419 2145 552 2210 condidit
572 2146 723 2208 ciuitatem
746 2144 913 2218 thebarum,
934 2165 986 2207 seu
1013 2167 1066 2207 sna
1095 2146 1263 2229 eloquentia
1285 2145 1420 2208 homines
1443 2145 1528 2207 rudes
1552 2143 1707 2207 reducebat

420 2243 456 2307 ad
477 2242 591 2306 abitum
614 2264 683 2307 cunr
705 2243 817 2325 lingua.
839 2260 870 2305 et
891 2243 949 2305 hoc
970 2244 1025 2306 fnit
1051 2243 1231 2306 submonte
1256 2244 1385 2306 thebano
1414 2244 1500 2305 etad
1521 2265 1627 2327 pascua
1651 2263 1707 2326 pe-

421 2342 520 2407 stifere
542 2345 612 2426 ripe,
633 2345 701 2427 quia
728 2342 823 2404 tltebis
851 2342 925 2405 lacta
948 2359 1016 2404 sunt
1045 2346 1174 2405 maxima
1197 2343 1283 2405 mala.
1305 2347 1343 2405 Et
1365 2343 1422 2405 uidi
1445 2342 1539 2417 illum,
1560 2330 1611 2405 ¹scu
1633 2362 1708 2405 uta-

420 2463 535 2518 roausq
548 2445 599 2527 qui
615 2442 669 2505 iuit
689 2458 790 2504 orator
811 2457 840 2504 et
863 2459 949 2525 poeta
972 2443 1099 2526 palester
1119 2458 1150 2506 et
1171 2442 1226 2505 luit
1247 2445 1390 2526 magistro
1412 2463 1507 2518 carus,
1526 2443 1618 2525 etqui
1641 2441 1707 2504 iuis-

421 2558 465 2606 set
486 2562 590 2604 cursor
616 2543 738 2623 ingenio
768 2562 823 2603 suo
855 2558 884 2603 et
911 2562 1037 2625 corpore
1065 2559 1094 2604 et
1122 2564 1230 2625 auceps
1258 2542 1383 2604 aliorum
1405 2543 1572 2604 dictorum:
1596 2558 1625 2603 et
1647 2542 1706 2602 ridi

421 2660 549 2703 somnos
564 2642 613 2723 qui
637 2639 690 2702 fuit
706 2656 894 2702 contentatur
915 2640 1053 2723 platonis,
1068 2644 1136 2724 quia
1160 2641 1240 2724 plato
1262 2642 1354 2703 mtdta
1377 2642 1529 2723 descripsit
1558 2639 1662 2704 telate.
1679 2655 1705 2701 et

421 2741 473 2823 qui
499 2741 603 2808 strauit
631 2739 740 2807 lectum
770 2760 910 2801 arnemnn
940 2739 1053 2803 letibus
1082 2741 1201 2823 plmnis,
1229 2741 1303 2803 idest
1331 2740 1427 2802 verbis
1456 2740 1582 2822 platonis
1610 2756 1639 2799 et
1667 2739 1707 2800 illi

422 2836 534 2921 platoni
557 2837 642 2914 sesso,
664 2838 739 2900 idest
761 2840 969 2921 propinquanti
991 2859 1023 2901 se
1044 2838 1080 2901 ad
1102 2856 1241 2901 mortem.

505 2938 542 2998 Et
554 2937 617 2998 vidi
633 2958 774 3000 omnuuat
796 2953 825 3000 et
840 2958 931 3002 insuat
947 2955 975 3000 ct
990 2959 1129 3003 tresenti:
1153 2937 1293 3021 Orpheus
1308 2938 1362 3000 luit
1376 2937 1517 3000 mirabilis
1532 2937 1709 3021 eloquentie,

424 3050 453 3097 et
474 3037 529 3098 iste
553 3034 656 3097 habuit
684 3036 803 3108 iratrem
833 3053 861 3098 et
891 3035 995 3106 filium.
1024 3058 1144 3100 museus
1173 3038 1228 3099 luit
1255 3040 1318 3106 eius
1346 3037 1433 3111 lilius,
1462 3037 1539 3100 linus
1563 3034 1623 3102 ierit
1648 3039 1729 3100 eius,

423 3134 520 3210 irater,
542 3136 593 3218 qui
614 3134 734 3197 suerum
757 3135 905 3197 mirabiles
927 3152 1030 3219 poete;
1047 3136 1113 3198 ideo
1135 3136 1226 3199 dicit:
1249 3158 1306 3219 ego
1328 3136 1387 3198 ndi
1408 3136 1492 3198 illum
1514 3151 1644 3218 poetam,
1658 3138 1708 3219 qui

421 3248 581 3297 consuetus
604 3233 719 3316 placere
741 3234 853 3297 feroces
875 3256 908 3296 ac
931 3235 1088 3317 gloriosos,
1108 3250 1137 3297 et
1160 3238 1219 3298 rita
1241 3252 1271 3297 et
1297 3235 1462 3319 eloquentia
1485 3250 1514 3297 et
1536 3235 1710 3297 venerabilis
1783 3269 1786 3274 ·

422 3346 517 3407 etate,
538 3330 634 3392 incola
663 3333 791 3393 ciuitatis
813 3367 833 3378 -
861 3335 912 3416 qni
936 3335 1068 3417 primus.-
1089 3355 1178 3418 quem
1201 3335 1315 3396 turchia
1339 3335 1420 3416 regio
1442 3334 1530 3408 sitiit,
1553 3334 1623 3394 dum
1650 3354 1710 3395 mu

422 3444 503 3491 vetet
527 3430 666 3511 rodopem
700 3446 851 3514 tracyam,
874 3432 949 3494 idest
969 3432 1054 3494 illum
1078 3450 1213 3495 montem
1242 3433 1418 3496 altissimum
1451 3436 1558 3509 tracie,
1578 3455 1631 3495 sua
1654 3433 1710 3495 clu

421 3529 552 3611 quentia,
564 3544 592 3589 et
613 3528 684 3589 duan
708 3527 839 3591 firmaret
861 3529 964 3592 ebrum
981 3531 1104 3592 limium
1120 3533 1322 3613 impetuosum
1339 3532 1428 3593 tracie
1443 3549 1473 3604 et
1492 3531 1549 3593 hoc
1571 3532 1710 3594 suasibus

421 3626 526 3690 cordis.
556 3627 625 3689 huic
654 3643 751 3709 poete,
784 3649 836 3690 seu
865 3629 988 3712 orpheo,
1021 3630 1142 3692 luerunt
1173 3629 1233 3692 duo
1262 3646 1348 3711 poete
1379 3632 1504 3692 comites
1535 3630 1709 3692 adherentes

420 3725 490 3788 huic
513 3726 637 3808 Orpltco
660 3728 809 3789 incedenti
832 3749 883 3810 per
904 3744 1021 3790 montes
1044 3744 1073 3791 et
1095 3750 1147 3811 per
1170 3750 1235 3791 rura
1257 3729 1394 3791 habentia
1416 3750 1511 3803 aures,
1522 3730 1590 3813 quia
1612 3749 1711 3791 mote-

422 3825 529 3888 bantur
548 3825 584 3886 ad
612 3842 735 3888 cantum
765 3827 872 3909 ipsius:
895 3843 924 3888 et
947 3826 1036 3889 irater
1058 3830 1120 3889 eius
1149 3828 1264 3890 inheret
1293 3830 1339 3889 isti
1362 3850 1378 3889 a
1400 3828 1502 3890 dextra
1531 3849 1637 3904 manu,
1659 3828 1709 3890 sed
1757 3895 1764 3905 ,

422 3922 499 3985 lilius
520 3944 535 3984 a
558 3926 689 3999 sinistra;
711 3939 741 3985 et
762 3922 847 3986 illum
864 3927 938 4008 tegit
954 3928 1044 3987 vestis
1066 3925 1154 4001 linea,
1168 3947 1221 3987 sen
1237 3926 1346 4001 linum;
1361 3927 1426 4002 iste,
1442 3929 1563 3989 Museus
1578 3926 1666 4002 lilius,
1681 3928 1710 3989 in

420 4039 573 4085 senectute
595 4046 647 4086 sua
669 4024 839 4108 porrigebat
861 4025 1005 4088 auxilium
1028 4027 1103 4108 patri
1125 4047 1190 4100 suo,
1206 4043 1235 4088 et
1257 4029 1353 4109 ipsum
1375 4026 1584 4089 consolabatur
1601 4044 1630 4089 et
1652 4049 1711 4110 po-

422 4121 536 4204 rigebat
563 4124 589 4184 ei
617 4123 784 4185 cratlrerarn
815 4124 932 4207 plenam
962 4125 998 4186 de
1027 4124 1109 4186 sonte
1137 4128 1255 4207 poetico
1283 4128 1357 4208 patri
1385 4126 1502 4187 anlrelu.
1534 4161 1554 4172 -
1585 4129 1623 4189 Et
1651 4126 1710 4188 uidi

421 4242 541 4285 exortat
562 4224 612 4306 qui
634 4222 688 4283 suit
710 4222 746 4283 de
767 4222 852 4305 frigia
875 4225 1006 4305 regione,
1036 4223 1085 4285 ubi
1114 4224 1169 4286 luit
1190 4241 1285 4309 troya,
1307 4228 1356 4309 qui
1385 4225 1550 4287 introdusit
1575 4224 1650 4288 ieras
1673 4225 1709 4287 ad

421 4318 612 4404 loquendum,
629 4321 694 4383 ideo
715 4321 803 4383 dicit:
826 4342 1001 4385 concessum
1024 4324 1123 4385 sidere
1145 4324 1212 4385 inde
1234 4323 1351 4386 turbam
1369 4345 1487 4401 canum,
1503 4324 1659 4387 volucrum
1681 4339 1732 4387 et.

421 4419 567 4501 pecudum
589 4421 686 4502 arguti
709 4432 796 4502 poete
817 4423 914 4504 esopi.

466 4558 469 4563 -
502 4519 655 4603 Uarique:
677 4519 724 4581 laic
740 4536 826 4598 autor
841 4537 995 4583 enumerat
1017 4522 1091 4583 alios
1106 4538 1239 4605 poetas...
1255 4526 1398 4605 percursis
1419 4522 1558 4585 omnibus
1580 4522 1710 4606 partibus

419 4619 528 4698 grecie,
541 4620 651 4680 reditur
665 4640 716 4701 per
731 4611 942 4694 ieiusolimam,
959 4622 1077 4683 tandem
1096 4625 1162 4683 reni
1187 4626 1214 4684 in
1231 4624 1368 4686 ciciliam.
1385 4624 1450 4684 ideo
1471 4624 1562 4686 dicit:
1585 4621 1711 4685 finaliter

418 4736 475 4798 ego
490 4737 662 4800 percurrens
678 4716 799 4863 iatibqla
816 4740 975 4801 grecorum
991 4737 1157 4803 poetarum.
1173 4758 1192 4770 -
1207 4740 1326 4807 propter
1340 4723 1450 4785 insulas
1466 4721 1574 4785 multas
1589 4737 1652 4785 -et
1668 4720 1711 4784 iu·
