4125 5217
838 412 870 462 ra
892 413 1079 466 aucoucun
1102 418 1233 467 earnm
1348 482 1353 491 ¹
1612 421 1675 491 233

395 543 1677 568 mm

396 689 492 737 straus
520 670 590 736 arva
618 676 743 737 virentia
770 675 830 737 asie
858 676 990 752 minoris,
1012 679 1042 741 in
1064 701 1121 763 qua
1150 680 1205 745 iuit
1234 680 1307 744 olim
1335 703 1444 766 magna
1466 699 1550 768 troya
1572 700 1601 747 et
1622 704 1679 764 ego

396 773 526 836 lustrans
547 774 650 836 iudeos
672 794 776 858 graues
797 775 874 837 sicut
894 775 982 840 dauid
1003 793 1033 840 et
1054 779 1128 841 alios
1151 796 1251 864 ymetas
1266 781 1315 865 qui
1338 785 1467 864 grauiter
1488 783 1579 846 locuti
1601 800 1679 859 sunt,

398 887 428 935 et
449 871 576 935 lustrans
598 875 749 957 grantim,
771 874 845 936 idest
867 874 972 937 herbas
993 879 1108 940 attritas
1130 882 1226 943 ueraci
1249 882 1394 957 cannine,
1414 884 1485 967 quia
1505 883 1593 945 dauid
1614 885 1681 946 seri·

398 973 455 1055 psit
475 970 585 1033 sulinos
607 973 729 1034 metrice
750 987 779 1034 et
801 971 928 1034 lustrans
950 977 1070 1037 nomina
1087 980 1251 1061 peregrina,
1262 980 1358 1062 qualia
1374 996 1444 1043 sunt
1464 984 1584 1043 olimina
1607 984 1681 1063 ipso

400 1091 465 1133 rum
486 1068 694 1133 hebreorum...
717 1091 786 1133 arra
808 1071 927 1134 illorum
949 1073 986 1135 de
1007 1074 1105 1137 arabia
1128 1077 1289 1159 indigentia
1309 1077 1369 1141 sale
1391 1080 1442 1142 sed
1463 1079 1600 1143 babentia
1622 1080 1681 1142 mel

399 1186 429 1234 et
449 1191 506 1254 ego
528 1172 658 1233 intentus
680 1171 781 1232 animo
802 1186 832 1233 et
852 1172 946 1235 oculis
968 1173 1061 1236 multa
1084 1177 1142 1238 uidi
1171 1196 1229 1261 que
1250 1181 1449 1259 pretermicto.
1470 1213 1491 1226 -
1516 1179 1603 1242 Villi:
1626 1182 1681 1242 Hic

401 1270 558 1339 revertitur
579 1290 680 1338 versus
701 1269 824 1354 ytaliam
845 1286 875 1333 et
895 1272 1034 1335 describit
1056 1290 1158 1357 poetas
1179 1274 1304 1359 ytalicos
1317 1278 1468 1358 etprimo
1489 1297 1682 1341 rrruocnrruar

400 1385 529 1454 poetam,
542 1388 632 1453 quem
646 1385 766 1432 secutus
781 1373 825 1431 est
839 1371 989 1455 virgilius3
1011 1372 1078 1434 ideo
1092 1373 1183 1436 dicit:
1206 1394 1262 1456 ego
1278 1375 1335 1437 vidi
1357 1378 1492 1458 genitum
1514 1377 1543 1437 in
1562 1378 1683 1459 regione

400 1470 495 1534 cicilie
526 1469 706 1532 theocritum
738 1485 769 1532 et
796 1469 870 1532 alios
891 1473 942 1556 qui
969 1471 1188 1555 descripserunt
1215 1473 1252 1536 de
1283 1475 1404 1537 materia
1433 1474 1586 1559 pastorali,
1606 1478 1683 1540 sicut

313 1577 317 1586 '
401 1589 524 1645 teuscus,
541 1568 649 1654 quibus
670 1568 809 1647 omnibus
830 1570 903 1653 alijs,¹
916 1572 1208 1656 puetissupradietis
1230 1572 1284 1635 luit
1304 1573 1340 1634 ad
1360 1574 1588 1639 delectationem
1608 1597 1684 1646 can·

192 3199 213 3228 ν.
229 3196 328 3235 iwani

402 1683 465 1731 tare
486 1688 608 1751 gregem
637 1687 760 1751 parcum
792 1668 970 1752 pastoralem
999 1685 1028 1732 et
1056 1670 1164 1754 quibus
1191 1670 1246 1733 fuit
1276 1670 1411 1735 uoluntas
1439 1673 1532 1736 uitare
1559 1672 1685 1736 scribere

402 1768 496 1830 minas
518 1765 639 1829 leonum
661 1768 691 1829 in
713 1766 831 1830 latebris
846 1783 876 1830 et
893 1771 1121 1832 convitiationes
1142 1770 1331 1832 dominorum
1354 1792 1532 1855 magnorum
1552 1771 1685 1835 obscuris

403 1866 514 1950 verbis3
539 1881 569 1929 ct
588 1866 638 1929 ille
659 1882 746 1950 poeta
767 1887 929 1932 strennuus
950 1870 1000 1954 qui
1023 1884 1105 1933 tenet
1126 1891 1235 1933 nomen
1257 1892 1274 1932 a
1294 1872 1441 1947 carmine;
1467 1886 1497 1933 et
1514 1871 1573 1933 eidi
1595 1871 1686 1934 alium

403 1982 521 2051 poetam
542 1987 594 2030 seu
617 1987 810 2029 euruooctuu
839 1968 952 2050 etipse
973 1968 1077 2030 colens
1099 1969 1198 2032 ridere
1220 1984 1352 2032 montem
1374 1968 1464 2032 etbne
1484 1987 1619 2033 mortuus
1643 1985 1688 2033 est

403 2065 510 2129 cadens
530 2063 570 2127 ibi
592 2080 621 2128 et
635 2063 798 2128 conbustus
812 2064 876 2128 tuit.
898 2065 964 2128 ideo
978 2067 1070 2130 dicit:
1093 2089 1150 2152 ego
1171 2069 1230 2131 vidi
1253 2071 1342 2131 istum
1358 2085 1487 2152 poetam,
1501 2070 1552 2153 qui
1574 2068 1688 2153 gelidus

404 2168 485 2250 pavit
505 2165 649 2250 populum
676 2167 808 2229 carinine
835 2187 889 2228 suo
918 2169 948 2228 iu
975 2166 1072 2230 calido
1100 2183 1203 2231 monte
1232 2167 1320 2230 etlrne
1347 2167 1511 2231 infeliciter.
1531 2203 1552 2216 ·
1573 2171 1610 2231 lit
1630 2189 1688 2252 ¹ego

404 2266 464 2328 vidi
485 2266 559 2328 duos
580 2281 693 2350 poetas,
714 2287 765 2328 seu
788 2286 990 2329 uuuucnnruu
1005 2282 1036 2329 et
1056 2288 1202 2331 utoosear
1215 2270 1266 2351 qui
1282 2270 1377 2351 primo
1391 2268 1529 2331 tractauit
1549 2267 1586 2329 de
1606 2268 1687 2330 cultu

405 2379 548 2427 terrarum
570 2366 706 2428 tiriorunr
728 2366 915 2449 populorum.
930 2383 960 2428 et
974 2388 1031 2451 ego
1054 2366 1157 2430 flector
1171 2367 1207 2429 ad
1222 2366 1313 2429 alium
1327 2382 1457 2450 poetam,
1468 2387 1520 2427 seu
1541 2387 1689 2430 circanam

406 2462 608 2541 ridiculosum,
629 2466 680 2549 qui
705 2467 832 2548 sumpsit
859 2466 896 2528 ad
918 2466 1106 2529 scribendum
1136 2481 1217 2549 gesta
1247 2468 1346 2549 magni
1375 2464 1524 2528 alexandri
1546 2481 1576 2528 ct
1595 2466 1633 2528 ab
1654 2487 1689 2527 eo

405 2561 510 2625 habuit
530 2562 657 2626 multum
679 2566 742 2626 auri
764 2579 915 2627 ettamen
938 2587 996 2627 nnn
1017 2564 1087 2628 fecit
1109 2567 1164 2627 nisi
1191 2566 1322 2650 quinque
1349 2565 1426 2627 bona
1452 2566 1602 2642 cannina;
1623 2565 1690 2627 ideo

405 2662 493 2725 dicit:
515 2662 575 2724 uidi
596 2654 763 2746 separatum
779 2686 795 2725 a
810 2663 896 2725 turba
911 2664 1037 2726 aliorum
1061 2666 1233 2748 peritorum.
1249 2700 1268 2711 -
1284 2663 1408 2726 finaliter
1423 2664 1526 2727 flector
1540 2664 1576 2726 ad
1598 2686 1690 2726 unum

407 2762 507 2828 locum
529 2761 580 2828 ubi
603 2783 711 2825 uutnes
738 2762 911 2825 deridebant
939 2785 1033 2826 unuin
1055 2780 1174 2847 poetam
1205 2780 1234 2826 et
1256 2764 1492 2848 pascua.et..boc
1514 2765 1593 2847 teauj
1623 2767 1693 2839 risu,

406 2883 496 2948 quem
518 2883 611 2925 unum
633 2865 725 2946 turpis
740 2862 867 2946 angulus
889 2862 1016 2926 habebat
1031 2881 1061 2927 et
1079 2864 1211 2926 ridebant
1225 2862 1350 2948 qualiter
1364 2863 1459 2925 nudus
1474 2864 1556 2925 omni
1570 2866 1692 2926 scientia

408 2979 437 3025 et
456 2960 596 3025 omnibus
609 2962 718 3045 divitiis
740 2963 845 3025 redidit
865 2963 986 3045 indigne
1009 2980 1160 3046 receptum
1181 2984 1288 3026 aurum
1308 2965 1408 3045 magni
1429 2961 1589 3023 allexandri
1612 2979 1640 3024 et
1661 2962 1693 3024 il·

407 3062 505 3125 lorum
526 3061 565 3125 de
583 3061 757 3125 macedonia
778 3064 894 3145 etipse
912 3062 1060 3126 scribebat
1080 3063 1209 3125 multum
1231 3084 1333 3126 rauce..
1728 3114 1730 3117 .

491 3176 521 3223 et
534 3160 606 3224 dicit
618 3177 724 3223 autor:
744 3162 814 3245 quid
837 3162 960 3225 ulterius
981 3183 1152 3225 commoror
1173 3161 1242 3225 hic?
1263 3183 1363 3224 versus
1384 3183 1473 3246 quem
1494 3162 1593 3224 locum
1616 3183 1694 3244 pere·

409 3263 527 3345 grinum
549 3261 637 3338 uado,
648 3261 684 3322 ad
706 3265 817 3346 campis
838 3263 954 3347 ytalicis
976 3263 1044 3325 inde
1065 3263 1101 3325 ad
1123 3262 1196 3326 locis
1217 3264 1281 3324 istis
1301 3283 1358 3345 ego
1379 3262 1472 3324 sactus
1494 3262 1609 3324 doctior
1631 3282 1694 3343 pro

409 3375 474 3443 pter
494 3361 660 3424 doctrinam
674 3363 822 3425 istorum?
844 3362 948 3424 -dum
966 3363 1090 3425 redirem
1105 3362 1238 3447 ytaliam,
1250 3382 1307 3445 ego
1327 3361 1426 3444 appuli
1442 3363 1471 3424 in
1494 3382 1585 3423 unum
1602 3381 1694 3422 cornu

409 3458 509 3544 ytalie,
530 3482 582 3523 seu
606 3461 810 3539 brundusium,
829 3461 878 3524 nbi
900 3463 995 3524 stabat
1018 3484 1094 3525 unus
1116 3464 1231 3524 iuvenis
1252 3477 1338 3545 poeta
1359 3463 1410 3544 qui
1432 3467 1561 3523 multum
1582 3459 1696 3543 placide

408 3562 526 3644 scripsit
547 3562 648 3645 etqui
671 3564 779 3644 recepit
802 3582 850 3624 me
871 3578 901 3624 et
922 3564 1052 3645 porrexit
1080 3561 1170 3624 miehi
1200 3581 1339 3637 manum,
1358 3581 1411 3622 seu
1433 3580 1576 3624 incurius
1598 3576 1693 3642 poeta.

410 3677 441 3725 et
461 3661 519 3724 hoc
539 3660 674 3724 -dico-
696 3661 786 3723 michi
809 3661 939 3743 redeunti
963 3661 1084 3724 dentum
1106 3678 1239 3745 etgresso
1260 3676 1377 3743 portum
1401 3659 1550 3742 brundusii
1573 3660 1696 3742 fatigato

410 3762 601 3844 navigatorc3
623 3774 651 3822 et
666 3758 726 3823 illie
744 3762 858 3822 iuvenis
880 3776 977 3843 poen,
991 3763 1043 3844 qui
1058 3760 1187 3822 multum
1209 3759 1322 3843 placide
1335 3760 1462 3841 scripsit,
1478 3774 1506 3821 et
1521 3760 1696 3821 monstrauit

411 3859 500 3944 ntichj
523 3859 626 3935 alium,
647 3879 699 3921 seu
722 3880 844 3923 unsrun.
861 3861 932 3921 ideo
954 3860 1041 3921 dicit:
1064 3859 1113 3921 ille
1135 3858 1266 3921 ostendit
1286 3858 1377 3920 michi
1398 3879 1488 3920 asum
1509 3879 1607 3933 suum,
1628 3859 1696 3942 quia

411 3961 515 4023 ennius
530 3975 593 4022 erat
607 3980 679 4021 auus
701 3961 833 4043 pacuvij;
855 3975 884 4021 et
906 3958 972 4022 idco
993 3960 1084 4022 dicit:
1107 3959 1167 4021 vidi
1183 3961 1302 4021 ennium
1317 3957 1467 4020 colentem
1482 3977 1587 4040 agrum
1608 3978 1698 4039 quan·

411 4075 477 4121 tum
497 4059 534 4121 ad
555 4060 709 4142 ingenium
730 4058 814 4136 bene,
836 4074 864 4122 ct
887 4074 986 4121 tamen
1007 4058 1156 4121 colentem
1178 4058 1227 4141 eiij
1249 4073 1311 4119 arte
1331 4058 1457 4141 poetica,
1469 4072 1498 4118 et
1520 4055 1579 4118 eidi
1601 4058 1697 4138 ipsunt

412 4178 464 4242 per
486 4178 551 4221 rura
573 4157 659 4242 plana
680 4160 802 4220 iacentis
824 4158 951 4243 appulie,
973 4179 1024 4220 seu
1047 4157 1083 4219 de
1104 4159 1224 4220 ciuitate
1240 4157 1389 4219 rudiarum
1405 4155 1459 4217 fuit
1478 4171 1507 4216 et
1523 4149 1573 4237 per
1594 4174 1697 4215 nemus

412 4256 540 4322 calabrie
561 4272 591 4320 et
612 4257 668 4320 sub
690 4256 766 4320 ualle
788 4257 878 4341 galesi
901 4258 1159 4332 flunrinis,autor:
1182 4277 1239 4341 ego
1255 4276 1314 4317 non
1329 4254 1447 4318 locutus
1462 4274 1531 4316 cum
1547 4256 1605 4314 isto
1626 4253 1699 4315 mul·

413 4374 488 4434 tunt,
509 4356 607 4440 saluto
628 4379 643 4419 a
665 4356 755 4441 longe
783 4357 972 4433 duceinseu
995 4377 1142 4421 tueriteu
1165 4372 1295 4440 poetam,
1315 4371 1344 4417 et
1365 4354 1511 4438 populum
1533 4373 1641 4414 arunce
1662 4355 1700 4415 ei·

412 4458 511 4520 sitatis
525 4455 572 4540 (et
586 4456 685 4519 subdit
706 4456 785 4541 quod
808 4457 847 4519 ibi
870 4472 927 4518 tres
950 4474 1036 4540 poete
1057 4457 1276 4540 descripserunt
1296 4455 1458 4517 secundum
1480 4454 1635 4537 antiquum
1651 4455 1699 4515 sti-

412 4557 492 4641 lum)
507 4570 537 4618 et
552 4577 609 4640 ego
624 4556 761 4641 alloquor
781 4555 929 4628 libertum,
945 4558 1019 4618 idest
1035 4578 1170 4621 onntitut
1193 4555 1340 4626 libertum,
1354 4590 1374 4601 -
1389 4555 1439 4638 qui
1455 4553 1509 4615 luit
1527 4572 1628 4613 sertus
1649 4555 1699 4614 sed

411 4657 609 4719 manumissus
632 4654 685 4718 fuit
707 4691 727 4702 -
749 4672 913 4739 perustum,
934 4656 1009 4718 idest
1031 4673 1170 4719 exustum
1193 4658 1289 4739 patrio
1315 4654 1429 4727 ardore,
1459 4653 1534 4714 idest
1556 4653 1585 4713 in
1608 4654 1699 4735 patria

412 4777 481 4833 sua;
503 4769 533 4818 et
559 4754 618 4818 hoc
638 4774 672 4817 ea
699 4771 783 4839 parte
803 4777 860 4840 qua
882 4756 1058 4842 Ampbydus
1079 4755 1187 4819 liutius
1208 4756 1297 4817 intrat
1317 4774 1399 4817 mare
1425 4754 1588 4822 adriacum,
1607 4751 1699 4820 illua
