<?xml version="1.0" encoding="UTF-8"?>
<!DOCTYPE html PUBLIC "-//W3C//DTD XHTML 1.0 Transitional//EN"
    "http://www.w3.org/TR/xhtml1/DTD/xhtml1-transitional.dtd">
<html xmlns="http://www.w3.org/1999/xhtml" xml:lang="en" lang="en">
 <head>
  <title>
</title>
<meta http-equiv="Content-Type" content="text/html;charset=utf-8" />
  <meta name='ocr-system' content='tesseract 3.04.00' />
  <meta name='ocr-capabilities' content='ocr_page ocr_carea ocr_par ocr_line ocrx_word'/>
</head>
<body>
  <div class='ocr_page' id='page_1' title='image "./ilbucolicumcarm00avengoog_0210.png"; bbox 0 0 4125 5217; ppageno 0'>
   <div class='ocr_carea' id='block_1_1' title="bbox 882 375 1162 437">
    <p class='ocr_par' dir='ltr' id='par_1_1' title="bbox 882 375 1162 437">
     <span class='ocr_line' id='line_1_1' title="bbox 882 375 1162 437; baseline -0.011 -14"><span class='ocrx_word' id='word_1_1' title='bbox 882 376 1031 424; x_wconf 72' lang='lat' dir='ltr'>turonio</span> <span class='ocrx_word' id='word_1_2' title='bbox 1055 375 1162 437; x_wconf 71' lang='lat' dir='ltr'>statua</span> 
     </span>
    </p>
   </div>
   <div class='ocr_carea' id='block_1_2' title="bbox 373 633 1681 4798">
    <p class='ocr_par' dir='ltr' id='par_1_2' title="bbox 373 633 1681 4798">
     <span class='ocr_line' id='line_1_2' title="bbox 379 633 1671 725; baseline -0.005 -18"><span class='ocrx_word' id='word_1_3' title='bbox 379 646 452 707; x_wconf 88' lang='lat' dir='ltr'>deus</span> <span class='ocrx_word' id='word_1_4' title='bbox 468 645 540 725; x_wconf 87' lang='lat' dir='ltr'>ipse,</span> <span class='ocrx_word' id='word_1_5' title='bbox 561 662 578 701; x_wconf 91' lang='lat' dir='ltr'>a</span> <span class='ocrx_word' id='word_1_6' title='bbox 599 659 659 723; x_wconf 92' lang='lat' dir='ltr'>quo</span> <span class='ocrx_word' id='word_1_7' title='bbox 681 640 780 699; x_wconf 87' lang='lat' dir='ltr'>omma</span> <span class='ocrx_word' id='word_1_8' title='bbox 803 636 889 709; x_wconf 86' lang='lat' dir='ltr'>bona,</span> <span class='ocrx_word' id='word_1_9' title='bbox 909 637 1010 696; x_wconf 85' lang='lat' dir='ltr'>omma</span> <span class='ocrx_word' id='word_1_10' title='bbox 1033 633 1175 696; x_wconf 87' lang='lat' dir='ltr'>mirabilia</span> <span class='ocrx_word' id='word_1_11' title='bbox 1199 649 1227 696; x_wconf 88' lang='lat' dir='ltr'>et</span> <span class='ocrx_word' id='word_1_12' title='bbox 1253 636 1369 714; x_wconf 84' lang='lat' dir='ltr'>ingenia</span> <span class='ocrx_word' id='word_1_13' title='bbox 1386 636 1560 718; x_wconf 88' lang='lat' dir='ltr'>procedunt.</span> <span class='ocrx_word' id='word_1_14' title='bbox 1581 672 1592 685; x_wconf 93' lang='lat'><strong>·</strong></span> <span class='ocrx_word' id='word_1_15' title='bbox 1614 638 1671 700; x_wconf 71' lang='lat' dir='ltr'>Nee</span> 
     </span>
     <span class='ocr_line' id='line_1_3' title="bbox 373 733 1673 827; baseline -0.004 -22"><span class='ocrx_word' id='word_1_16' title='bbox 373 742 492 827; x_wconf 78' lang='lat' dir='ltr'>falleris</span> <span class='ocrx_word' id='word_1_17' title='bbox 506 741 607 810; x_wconf 83' lang='lat' dir='ltr'>onrinr,</span> <span class='ocrx_word' id='word_1_18' title='bbox 624 738 697 800; x_wconf 90' lang='lat' dir='ltr'>idest</span> <span class='ocrx_word' id='word_1_19' title='bbox 718 737 873 819; x_wconf 86' lang='lat' dir='ltr'>decipieris</span> <span class='ocrx_word' id='word_1_20' title='bbox 895 752 948 797; x_wconf 90' lang='lat' dir='ltr'>tuo</span> <span class='ocrx_word' id='word_1_21' title='bbox 970 737 1140 814; x_wconf 76' lang='lat' dir='ltr'>augurino</span> <span class='ocrx_word' id='word_1_22' title='bbox 1156 733 1242 813; x_wconf 82' lang='lat' dir='ltr'>galle.</span> <span class='ocrx_word' id='word_1_23' title='bbox 1261 734 1342 796; x_wconf 89' lang='lat' dir='ltr'>-lmc</span> <span class='ocrx_word' id='word_1_24' title='bbox 1358 738 1427 815; x_wconf 87' lang='lat' dir='ltr'>quia</span> <span class='ocrx_word' id='word_1_25' title='bbox 1451 735 1547 816; x_wconf 84' lang='lat' dir='ltr'>gallus</span> <span class='ocrx_word' id='word_1_26' title='bbox 1563 757 1598 798; x_wconf 81' lang='lat' dir='ltr'>ex</span> <span class='ocrx_word' id='word_1_27' title='bbox 1622 739 1673 800; x_wconf 91' lang='lat' dir='ltr'>im·</span> 
     </span>
     <span class='ocr_line' id='line_1_4' title="bbox 380 833 1673 928; baseline -0.004 -23"><span class='ocrx_word' id='word_1_28' title='bbox 380 844 501 928; x_wconf 71' lang='lat' dir='ltr'>proviso</span> <span class='ocrx_word' id='word_1_29' title='bbox 521 840 614 901; x_wconf 80' lang='lat' dir='ltr'>dixit:</span> <span class='ocrx_word' id='word_1_30' title='bbox 637 835 754 899; x_wconf 84' lang='lat' dir='ltr'>dedalus</span> <span class='ocrx_word' id='word_1_31' title='bbox 776 856 849 897; x_wconf 76' lang='lat' dir='ltr'>ritem</span> <span class='ocrx_word' id='word_1_32' title='bbox 870 835 970 897; x_wconf 86' lang='lat' dir='ltr'>olins?</span> <span class='ocrx_word' id='word_1_33' title='bbox 992 833 1042 895; x_wconf 89' lang='lat' dir='ltr'>sed</span> <span class='ocrx_word' id='word_1_34' title='bbox 1058 854 1126 895; x_wconf 89' lang='lat' dir='ltr'>cum</span> <span class='ocrx_word' id='word_1_35' title='bbox 1144 835 1316 896; x_wconf 72' lang='lat' dir='ltr'>«dedalus»</span> <span class='ocrx_word' id='word_1_36' title='bbox 1333 835 1418 906; x_wconf 78' lang='lat' dir='ltr'>dixit,</span> <span class='ocrx_word' id='word_1_37' title='bbox 1435 835 1582 898; x_wconf 83' lang='lat' dir='ltr'>lntellesit</span> <span class='ocrx_word' id='word_1_38' title='bbox 1597 837 1673 901; x_wconf 87' lang='lat' dir='ltr'>hanc</span> 
     </span>
     <span class='ocr_line' id='line_1_5' title="bbox 380 933 1674 1020; baseline -0.005 -15"><span class='ocrx_word' id='word_1_39' title='bbox 380 944 548 1005; x_wconf 84' lang='lat' dir='ltr'>doctrinam</span> <span class='ocrx_word' id='word_1_40' title='bbox 570 938 701 1018; x_wconf 78' lang='lat' dir='ltr'>francisci</span> <span class='ocrx_word' id='word_1_41' title='bbox 726 952 858 1020; x_wconf 86' lang='lat' dir='ltr'>petrarce</span> <span class='ocrx_word' id='word_1_42' title='bbox 883 936 1062 1018; x_wconf 81' lang='lat' dir='ltr'><strong>processisse</strong></span> <span class='ocrx_word' id='word_1_43' title='bbox 1091 934 1127 995; x_wconf 90' lang='lat' dir='ltr'>ab</span> <span class='ocrx_word' id='word_1_44' title='bbox 1155 934 1255 1015; x_wconf 84' lang='lat' dir='ltr'>aliquo</span> <span class='ocrx_word' id='word_1_45' title='bbox 1276 933 1366 995; x_wconf 91' lang='lat' dir='ltr'>docto</span> <span class='ocrx_word' id='word_1_46' title='bbox 1389 937 1453 995; x_wconf 82' lang='lat' dir='ltr'>siro</span> <span class='ocrx_word' id='word_1_47' title='bbox 1475 936 1602 1008; x_wconf 86' lang='lat' dir='ltr'>erudito,</span> <span class='ocrx_word' id='word_1_48' title='bbox 1622 939 1674 1018; x_wconf 88' lang='lat' dir='ltr'>qui</span> 
     </span>
     <span class='ocr_line' id='line_1_6' title="bbox 381 1033 1675 1121; baseline -0.007 -17"><span class='ocrx_word' id='word_1_49' title='bbox 381 1043 532 1105; x_wconf 77' lang='lat' dir='ltr'>docuisset</span> <span class='ocrx_word' id='word_1_50' title='bbox 555 1041 650 1121; x_wconf 91' lang='lat' dir='ltr'>ipsum</span> <span class='ocrx_word' id='word_1_51' title='bbox 674 1037 859 1098; x_wconf 83' lang='lat' dir='ltr'>franciscum.</span> <span class='ocrx_word' id='word_1_52' title='bbox 880 1070 890 1083; x_wconf 94' lang='lat'><strong>·</strong></span> <span class='ocrx_word' id='word_1_53' title='bbox 912 1035 961 1095; x_wconf 90' lang='lat' dir='ltr'>sed</span> <span class='ocrx_word' id='word_1_54' title='bbox 984 1050 1012 1096; x_wconf 89' lang='lat' dir='ltr'>et</span> <span class='ocrx_word' id='word_1_55' title='bbox 1029 1037 1090 1114; x_wconf 86' lang='lat' dir='ltr'>ipse</span> <span class='ocrx_word' id='word_1_56' title='bbox 1106 1033 1264 1094; x_wconf 78' lang='lat' dir='ltr'>franciscus</span> <span class='ocrx_word' id='word_1_57' title='bbox 1280 1054 1348 1094; x_wconf 82' lang='lat' dir='ltr'>cum</span> <span class='ocrx_word' id='word_1_58' title='bbox 1364 1034 1454 1095; x_wconf 89' lang='lat' dir='ltr'>dicit:</span> <span class='ocrx_word' id='word_1_59' title='bbox 1478 1035 1596 1097; x_wconf 70' lang='lat' dir='ltr'>alcrlulus</span> <span class='ocrx_word' id='word_1_60' title='bbox 1617 1038 1675 1118; x_wconf 77' lang='lat' dir='ltr'>ipre</span> 
     </span>
     <span class='ocr_line' id='line_1_7' title="bbox 377 1132 1674 1226; baseline -0.005 -25"><span class='ocrx_word' id='word_1_61' title='bbox 377 1142 448 1226; x_wconf 72' lang='lat' dir='ltr'>Jiril,</span> <span class='ocrx_word' id='word_1_62' title='bbox 472 1138 609 1220; x_wconf 89' lang='lat' dir='ltr'>intelligit</span> <span class='ocrx_word' id='word_1_63' title='bbox 631 1136 730 1207; x_wconf 85' lang='lat' dir='ltr'>deum,</span> <span class='ocrx_word' id='word_1_64' title='bbox 747 1135 791 1196; x_wconf 80' lang='lat' dir='ltr'>sel</span> <span class='ocrx_word' id='word_1_65' title='bbox 809 1150 955 1205; x_wconf 87' lang='lat' dir='ltr'>naturam,</span> <span class='ocrx_word' id='word_1_66' title='bbox 969 1135 1104 1193; x_wconf 73' lang='lat' dir='ltr'>(titinium</span> <span class='ocrx_word' id='word_1_67' title='bbox 1128 1152 1224 1194; x_wconf 89' lang='lat' dir='ltr'>rerum</span> <span class='ocrx_word' id='word_1_68' title='bbox 1249 1135 1441 1212; x_wconf 73' lang='lat' dir='ltr'>magistram,</span> <span class='ocrx_word' id='word_1_69' title='bbox 1465 1134 1531 1194; x_wconf 87' lang='lat' dir='ltr'>ideo</span> <span class='ocrx_word' id='word_1_70' title='bbox 1552 1132 1674 1195; x_wconf 77' lang='lat' dir='ltr'>dedalus</span> 
     </span>
     <span class='ocr_line' id='line_1_8' title="bbox 383 1230 1676 1322; baseline -0.005 -25"><span class='ocrx_word' id='word_1_71' title='bbox 383 1236 446 1322; x_wconf 89' lang='lat' dir='ltr'>ipse</span> <span class='ocrx_word' id='word_1_72' title='bbox 474 1236 539 1311; x_wconf 87' lang='lat' dir='ltr'>luit,</span> <span class='ocrx_word' id='word_1_73' title='bbox 567 1257 619 1298; x_wconf 89' lang='lat' dir='ltr'>seu</span> <span class='ocrx_word' id='word_1_74' title='bbox 641 1237 691 1319; x_wconf 90' lang='lat' dir='ltr'>qui</span> <span class='ocrx_word' id='word_1_75' title='bbox 714 1234 803 1296; x_wconf 83' lang='lat' dir='ltr'>michi</span> <span class='ocrx_word' id='word_1_76' title='bbox 825 1233 901 1295; x_wconf 88' lang='lat' dir='ltr'>hanc</span> <span class='ocrx_word' id='word_1_77' title='bbox 923 1235 1046 1295; x_wconf 87' lang='lat' dir='ltr'>citeram</span> <span class='ocrx_word' id='word_1_78' title='bbox 1068 1232 1167 1304; x_wconf 79' lang='lat' dir='ltr'>dedit3</span> <span class='ocrx_word' id='word_1_79' title='bbox 1193 1230 1320 1298; x_wconf 68' lang='lat' dir='ltr'>clericales.</span> <span class='ocrx_word' id='word_1_80' title='bbox 1342 1233 1420 1303; x_wconf 90' lang='lat' dir='ltr'>dico,</span> <span class='ocrx_word' id='word_1_81' title='bbox 1442 1238 1553 1293; x_wconf 78' lang='lat' dir='ltr'>eternus</span> <span class='ocrx_word' id='word_1_82' title='bbox 1577 1240 1676 1316; x_wconf 81' lang='lat' dir='ltr'>stupor</span> 
     </span>
     <span class='ocr_line' id='line_1_9' title="bbox 383 1331 1676 1421; baseline -0.004 -23"><span class='ocrx_word' id='word_1_83' title='bbox 383 1334 536 1421; x_wconf 67' lang='lat' dir='ltr'>artificiola,</span> <span class='ocrx_word' id='word_1_84' title='bbox 559 1356 610 1397; x_wconf 91' lang='lat' dir='ltr'>seu</span> <span class='ocrx_word' id='word_1_85' title='bbox 632 1335 704 1395; x_wconf 85' lang='lat' dir='ltr'>deus</span> <span class='ocrx_word' id='word_1_86' title='bbox 725 1335 775 1415; x_wconf 90' lang='lat' dir='ltr'>qui</span> <span class='ocrx_word' id='word_1_87' title='bbox 797 1336 897 1393; x_wconf 81' lang='lat' dir='ltr'>orimia</span> <span class='ocrx_word' id='word_1_88' title='bbox 919 1331 1063 1394; x_wconf 87' lang='lat' dir='ltr'>mirabilia</span> <span class='ocrx_word' id='word_1_89' title='bbox 1085 1346 1165 1393; x_wconf 87' lang='lat' dir='ltr'>creat</span> <span class='ocrx_word' id='word_1_90' title='bbox 1197 1346 1226 1392; x_wconf 90' lang='lat' dir='ltr'>et</span> <span class='ocrx_word' id='word_1_91' title='bbox 1258 1332 1386 1391; x_wconf 81' lang='lat' dir='ltr'>tunsima</span> <span class='ocrx_word' id='word_1_92' title='bbox 1420 1333 1536 1413; x_wconf 87' lang='lat' dir='ltr'>ingenia</span> <span class='ocrx_word' id='word_1_93' title='bbox 1559 1334 1676 1408; x_wconf 87' lang='lat' dir='ltr'>istruit;</span> 
     </span>
     <span class='ocr_line' id='line_1_10' title="bbox 382 1429 1675 1522; baseline -0.004 -24"><span class='ocrx_word' id='word_1_94' title='bbox 382 1457 483 1522; x_wconf 90' lang='lat' dir='ltr'>quem,</span> <span class='ocrx_word' id='word_1_95' title='bbox 506 1455 558 1496; x_wconf 90' lang='lat' dir='ltr'>seu</span> <span class='ocrx_word' id='word_1_96' title='bbox 580 1432 715 1495; x_wconf 81' lang='lat' dir='ltr'>dedalum</span> <span class='ocrx_word' id='word_1_97' title='bbox 741 1432 785 1493; x_wconf 78' lang='lat' dir='ltr'>rel</span> <span class='ocrx_word' id='word_1_98' title='bbox 807 1433 895 1494; x_wconf 88' lang='lat' dir='ltr'>deum</span> <span class='ocrx_word' id='word_1_99' title='bbox 917 1432 1025 1501; x_wconf 75' lang='lat' dir='ltr'>sirum,</span> <span class='ocrx_word' id='word_1_100' title='bbox 1041 1451 1077 1491; x_wconf 84' lang='lat' dir='ltr'>ex</span> <span class='ocrx_word' id='word_1_101' title='bbox 1099 1431 1155 1492; x_wconf 76' lang='lat' dir='ltr'>deo</span> <span class='ocrx_word' id='word_1_102' title='bbox 1177 1429 1271 1492; x_wconf 90' lang='lat' dir='ltr'>lactus</span> <span class='ocrx_word' id='word_1_103' title='bbox 1293 1430 1395 1505; x_wconf 71' lang='lat' dir='ltr'>hesino,</span> <span class='ocrx_word' id='word_1_104' title='bbox 1410 1431 1498 1493; x_wconf 87' lang='lat' dir='ltr'>docta</span> <span class='ocrx_word' id='word_1_105' title='bbox 1521 1446 1550 1492; x_wconf 91' lang='lat' dir='ltr'>et</span> <span class='ocrx_word' id='word_1_106' title='bbox 1572 1447 1675 1493; x_wconf 87' lang='lat' dir='ltr'>natura</span> 
     </span>
     <span class='ocr_line' id='line_1_11' title="bbox 384 1531 1675 1611; baseline -0.005 -13"><span class='ocrx_word' id='word_1_107' title='bbox 384 1538 519 1610; x_wconf 88' lang='lat' dir='ltr'>miratur,</span> <span class='ocrx_word' id='word_1_108' title='bbox 541 1534 615 1595; x_wconf 86' lang='lat' dir='ltr'>idest</span> <span class='ocrx_word' id='word_1_109' title='bbox 630 1553 698 1594; x_wconf 88' lang='lat' dir='ltr'>cum</span> <span class='ocrx_word' id='word_1_110' title='bbox 714 1533 889 1592; x_wconf 85' lang='lat' dir='ltr'>amiratione</span> <span class='ocrx_word' id='word_1_111' title='bbox 911 1532 1052 1603; x_wconf 89' lang='lat' dir='ltr'>intuetur,</span> <span class='ocrx_word' id='word_1_112' title='bbox 1073 1531 1141 1611; x_wconf 92' lang='lat' dir='ltr'>quia</span> <span class='ocrx_word' id='word_1_113' title='bbox 1160 1544 1261 1591; x_wconf 88' lang='lat' dir='ltr'>contra</span> <span class='ocrx_word' id='word_1_114' title='bbox 1285 1546 1420 1591; x_wconf 81' lang='lat' dir='ltr'>naturam</span> <span class='ocrx_word' id='word_1_115' title='bbox 1443 1545 1487 1591; x_wconf 88' lang='lat' dir='ltr'>est</span> <span class='ocrx_word' id='word_1_116' title='bbox 1502 1531 1591 1593; x_wconf 91' lang='lat' dir='ltr'>deum</span> <span class='ocrx_word' id='word_1_117' title='bbox 1614 1532 1675 1592; x_wconf 80' lang='lat' dir='ltr'>lieri</span> 
     </span>
     <span class='ocr_line' id='line_1_12' title="bbox 384 1616 1676 1711; baseline -0.005 -15"><span class='ocrx_word' id='word_1_118' title='bbox 384 1634 548 1696; x_wconf 89' lang='lat' dir='ltr'>hominem.</span> <span class='ocrx_word' id='word_1_119' title='bbox 569 1666 579 1678; x_wconf 93' lang='lat'><strong>·</strong></span> <span class='ocrx_word' id='word_1_120' title='bbox 601 1628 650 1691; x_wconf 81' lang='lat' dir='ltr'>illc</span> <span class='ocrx_word' id='word_1_121' title='bbox 670 1631 823 1704; x_wconf 70' lang='lat' dir='ltr'>trerminum,</span> <span class='ocrx_word' id='word_1_122' title='bbox 845 1650 896 1690; x_wconf 86' lang='lat' dir='ltr'>seu</span> <span class='ocrx_word' id='word_1_123' title='bbox 919 1628 1042 1690; x_wconf 88' lang='lat' dir='ltr'>dedalus</span> <span class='ocrx_word' id='word_1_124' title='bbox 1064 1627 1108 1688; x_wconf 77' lang='lat' dir='ltr'>rel</span> <span class='ocrx_word' id='word_1_125' title='bbox 1132 1628 1214 1701; x_wconf 85' lang='lat' dir='ltr'>deus,</span> <span class='ocrx_word' id='word_1_126' title='bbox 1229 1626 1308 1689; x_wconf 83' lang='lat' dir='ltr'>dedit</span> <span class='ocrx_word' id='word_1_127' title='bbox 1325 1628 1415 1689; x_wconf 88' lang='lat' dir='ltr'>michi</span> <span class='ocrx_word' id='word_1_128' title='bbox 1431 1627 1507 1691; x_wconf 86' lang='lat' dir='ltr'>hanc</span> <span class='ocrx_word' id='word_1_129' title='bbox 1529 1616 1676 1711; x_wconf 88' lang='lat' dir='ltr'>argutam,</span> 
     </span>
     <span class='ocr_line' id='line_1_13' title="bbox 384 1725 1676 1809; baseline -0.005 -15"><span class='ocrx_word' id='word_1_130' title='bbox 384 1732 460 1794; x_wconf 89' lang='lat' dir='ltr'>idest</span> <span class='ocrx_word' id='word_1_131' title='bbox 482 1750 622 1792; x_wconf 88' lang='lat' dir='ltr'>sonoram</span> <span class='ocrx_word' id='word_1_132' title='bbox 636 1730 782 1804; x_wconf 85' lang='lat' dir='ltr'>citteram,</span> <span class='ocrx_word' id='word_1_133' title='bbox 799 1726 873 1789; x_wconf 86' lang='lat' dir='ltr'>idest</span> <span class='ocrx_word' id='word_1_134' title='bbox 895 1730 1042 1809; x_wconf 84' lang='lat' dir='ltr'>poeticam</span> <span class='ocrx_word' id='word_1_135' title='bbox 1062 1728 1226 1789; x_wconf 87' lang='lat' dir='ltr'>iscientiam</span> <span class='ocrx_word' id='word_1_136' title='bbox 1242 1742 1272 1787; x_wconf 88' lang='lat' dir='ltr'>et</span> <span class='ocrx_word' id='word_1_137' title='bbox 1286 1725 1494 1809; x_wconf 84' lang='lat' dir='ltr'>plrilnsoticam</span> <span class='ocrx_word' id='word_1_138' title='bbox 1510 1726 1676 1789; x_wconf 75' lang='lat' dir='ltr'>facundiam</span> 
     </span>
     <span class='ocr_line' id='line_1_14' title="bbox 384 1825 1678 1914; baseline -0.005 -21"><span class='ocrx_word' id='word_1_139' title='bbox 384 1846 414 1894; x_wconf 91' lang='lat' dir='ltr'>et</span> <span class='ocrx_word' id='word_1_140' title='bbox 426 1829 564 1914; x_wconf 76' lang='lat' dir='ltr'>loquendi</span> <span class='ocrx_word' id='word_1_141' title='bbox 582 1843 611 1889; x_wconf 89' lang='lat' dir='ltr'>et</span> <span class='ocrx_word' id='word_1_142' title='bbox 626 1827 769 1907; x_wconf 76' lang='lat' dir='ltr'>scribendi</span> <span class='ocrx_word' id='word_1_143' title='bbox 783 1844 812 1888; x_wconf 88' lang='lat' dir='ltr'>et</span> <span class='ocrx_word' id='word_1_144' title='bbox 825 1825 1008 1907; x_wconf 78' lang='lat' dir='ltr'>sersiticandj</span> <span class='ocrx_word' id='word_1_145' title='bbox 1022 1842 1112 1908; x_wconf 86' lang='lat' dir='ltr'>atque</span> <span class='ocrx_word' id='word_1_146' title='bbox 1124 1827 1343 1908; x_wconf 76' lang='lat' dir='ltr'>pronuntiandi.</span> <span class='ocrx_word' id='word_1_147' title='bbox 1357 1827 1432 1888; x_wconf 92' lang='lat' dir='ltr'>idest</span> <span class='ocrx_word' id='word_1_148' title='bbox 1445 1826 1518 1887; x_wconf 87' lang='lat' dir='ltr'>dicit</span> <span class='ocrx_word' id='word_1_149' title='bbox 1530 1826 1678 1909; x_wconf 72' lang='lat' dir='ltr'><em>plectrum,</em></span> 
     </span>
     <span class='ocr_line' id='line_1_15' title="bbox 384 1923 1678 2011; baseline -0.004 -18"><span class='ocrx_word' id='word_1_150' title='bbox 384 1930 460 1993; x_wconf 88' lang='lat' dir='ltr'>idest</span> <span class='ocrx_word' id='word_1_151' title='bbox 482 1927 616 2011; x_wconf 78' lang='lat' dir='ltr'>linguam</span> <span class='ocrx_word' id='word_1_152' title='bbox 638 1928 667 1989; x_wconf 94' lang='lat' dir='ltr'>in</span> <span class='ocrx_word' id='word_1_153' title='bbox 689 1925 854 2009; x_wconf 88' lang='lat' dir='ltr'>loquendo;</span> <span class='ocrx_word' id='word_1_154' title='bbox 873 1926 1030 2009; x_wconf 80' lang='lat' dir='ltr'>modosque,</span> <span class='ocrx_word' id='word_1_155' title='bbox 1047 1926 1122 1987; x_wconf 87' lang='lat' dir='ltr'>idest</span> <span class='ocrx_word' id='word_1_156' title='bbox 1136 1941 1230 1986; x_wconf 87' lang='lat' dir='ltr'>artem</span> <span class='ocrx_word' id='word_1_157' title='bbox 1246 1940 1276 1987; x_wconf 86' lang='lat' dir='ltr'>et</span> <span class='ocrx_word' id='word_1_158' title='bbox 1297 1926 1385 2008; x_wconf 84' lang='lat' dir='ltr'>pedes</span> <span class='ocrx_word' id='word_1_159' title='bbox 1406 1939 1437 1986; x_wconf 89' lang='lat' dir='ltr'>et</span> <span class='ocrx_word' id='word_1_160' title='bbox 1458 1923 1577 1987; x_wconf 78' lang='lat' dir='ltr'>sillabas</span> <span class='ocrx_word' id='word_1_161' title='bbox 1598 1946 1678 1989; x_wconf 82' lang='lat' dir='ltr'>uren·</span> 
     </span>
     <span class='ocr_line' id='line_1_16' title="bbox 385 2024 1678 2110; baseline -0.002 -20"><span class='ocrx_word' id='word_1_162' title='bbox 385 2042 499 2091; x_wconf 86' lang='lat' dir='ltr'>suratas</span> <span class='ocrx_word' id='word_1_163' title='bbox 522 2029 552 2088; x_wconf 92' lang='lat' dir='ltr'>in</span> <span class='ocrx_word' id='word_1_164' title='bbox 573 2024 778 2087; x_wconf 71' lang='lat' dir='ltr'>versificando.</span> <span class='ocrx_word' id='word_1_165' title='bbox 792 2060 802 2072; x_wconf 94' lang='lat'>·</span> <span class='ocrx_word' id='word_1_166' title='bbox 817 2026 896 2087; x_wconf 85' lang='lat' dir='ltr'>cuius</span> <span class='ocrx_word' id='word_1_167' title='bbox 917 2027 1019 2085; x_wconf 71' lang='lat' dir='ltr'>artior?</span> <span class='ocrx_word' id='word_1_168' title='bbox 1036 2027 1185 2107; x_wconf 86' lang='lat' dir='ltr'>luterogat</span> <span class='ocrx_word' id='word_1_169' title='bbox 1208 2024 1323 2106; x_wconf 88' lang='lat' dir='ltr'>gallus:</span> <span class='ocrx_word' id='word_1_170' title='bbox 1338 2025 1419 2086; x_wconf 77' lang='lat' dir='ltr'>errius</span> <span class='ocrx_word' id='word_1_171' title='bbox 1433 2024 1529 2107; x_wconf 77' lang='lat' dir='ltr'>rrrcritp‘</span> <span class='ocrx_word' id='word_1_172' title='bbox 1539 2026 1604 2109; x_wconf 76' lang='lat' dir='ltr'>sirii</span> <span class='ocrx_word' id='word_1_173' title='bbox 1615 2027 1678 2110; x_wconf 84' lang='lat' dir='ltr'>ipso</span> 
     </span>
     <span class='ocr_line' id='line_1_17' title="bbox 382 2122 1679 2211; baseline -0.001 -24"><span class='ocrx_word' id='word_1_174' title='bbox 382 2126 543 2211; x_wconf 76' lang='lat' dir='ltr'>pulceriam</span> <span class='ocrx_word' id='word_1_175' title='bbox 564 2126 692 2186; x_wconf 72' lang='lat' dir='ltr'>uterus?</span> <span class='ocrx_word' id='word_1_176' title='bbox 712 2124 797 2207; x_wconf 88' lang='lat' dir='ltr'>quasi</span> <span class='ocrx_word' id='word_1_177' title='bbox 818 2123 915 2186; x_wconf 86' lang='lat' dir='ltr'>dicat:</span> <span class='ocrx_word' id='word_1_178' title='bbox 938 2123 1017 2205; x_wconf 93' lang='lat' dir='ltr'>quod</span> <span class='ocrx_word' id='word_1_179' title='bbox 1041 2124 1180 2184; x_wconf 89' lang='lat' dir='ltr'>meritum</span> <span class='ocrx_word' id='word_1_180' title='bbox 1202 2122 1298 2184; x_wconf 77' lang='lat' dir='ltr'>fecisti</span> <span class='ocrx_word' id='word_1_181' title='bbox 1320 2138 1353 2184; x_wconf 91' lang='lat' dir='ltr'>ut</span> <span class='ocrx_word' id='word_1_182' title='bbox 1376 2126 1437 2207; x_wconf 89' lang='lat' dir='ltr'>ipse</span> <span class='ocrx_word' id='word_1_183' title='bbox 1458 2123 1542 2200; x_wconf 86' lang='lat' dir='ltr'>deus,</span> <span class='ocrx_word' id='word_1_184' title='bbox 1565 2122 1611 2185; x_wconf 78' lang='lat' dir='ltr'>vel</span> <span class='ocrx_word' id='word_1_185' title='bbox 1632 2124 1679 2186; x_wconf 91' lang='lat' dir='ltr'>de·</span> 
     </span>
     <span class='ocr_line' id='line_1_18' title="bbox 385 2222 1680 2306; baseline -0.003 -20"><span class='ocrx_word' id='word_1_186' title='bbox 385 2224 471 2287; x_wconf 86' lang='lat' dir='ltr'>dalus</span> <span class='ocrx_word' id='word_1_187' title='bbox 491 2224 575 2286; x_wconf 86' lang='lat' dir='ltr'>daret</span> <span class='ocrx_word' id='word_1_188' title='bbox 607 2223 658 2305; x_wconf 86' lang='lat' dir='ltr'>tibj</span> <span class='ocrx_word' id='word_1_189' title='bbox 682 2222 758 2286; x_wconf 86' lang='lat' dir='ltr'>hanc</span> <span class='ocrx_word' id='word_1_190' title='bbox 790 2226 937 2285; x_wconf 80' lang='lat' dir='ltr'>citeram?</span> <span class='ocrx_word' id='word_1_191' title='bbox 969 2223 1039 2286; x_wconf 92' lang='lat' dir='ltr'>Ideo</span> <span class='ocrx_word' id='word_1_192' title='bbox 1071 2224 1268 2305; x_wconf 84' lang='lat' dir='ltr'>interogative</span> <span class='ocrx_word' id='word_1_193' title='bbox 1300 2222 1459 2306; x_wconf 88' lang='lat' dir='ltr'>legendum</span> <span class='ocrx_word' id='word_1_194' title='bbox 1482 2236 1536 2284; x_wconf 84' lang='lat' dir='ltr'>est.</span> <span class='ocrx_word' id='word_1_195' title='bbox 1557 2257 1568 2270; x_wconf 92' lang='lat'><strong>·</strong></span> <span class='ocrx_word' id='word_1_196' title='bbox 1588 2226 1680 2285; x_wconf 63' lang='lat' dir='ltr'>,liuor</span> 
     </span>
     <span class='ocr_line' id='line_1_19' title="bbox 386 2322 1679 2406; baseline -0.002 -19"><span class='ocrx_word' id='word_1_197' title='bbox 386 2325 466 2387; x_wconf 81' lang='lat' dir='ltr'>cuius</span> <span class='ocrx_word' id='word_1_198' title='bbox 487 2322 585 2405; x_wconf 76' lang='lat' dir='ltr'>merilj</span> <span class='ocrx_word' id='word_1_199' title='bbox 599 2323 662 2399; x_wconf 89' lang='lat' dir='ltr'>luit,</span> <span class='ocrx_word' id='word_1_200' title='bbox 678 2338 711 2385; x_wconf 87' lang='lat' dir='ltr'>ut</span> <span class='ocrx_word' id='word_1_201' title='bbox 731 2323 814 2386; x_wconf 88' lang='lat' dir='ltr'>daret</span> <span class='ocrx_word' id='word_1_202' title='bbox 836 2323 888 2385; x_wconf 89' lang='lat' dir='ltr'>tibi</span> <span class='ocrx_word' id='word_1_203' title='bbox 911 2322 986 2385; x_wconf 89' lang='lat' dir='ltr'>hanc</span> <span class='ocrx_word' id='word_1_204' title='bbox 1009 2338 1039 2385; x_wconf 89' lang='lat' dir='ltr'>et</span> <span class='ocrx_word' id='word_1_205' title='bbox 1061 2322 1255 2406; x_wconf 88' lang='lat' dir='ltr'>pulcerimam</span> <span class='ocrx_word' id='word_1_206' title='bbox 1278 2343 1418 2399; x_wconf 92' lang='lat' dir='ltr'>mercem,</span> <span class='ocrx_word' id='word_1_207' title='bbox 1441 2322 1515 2384; x_wconf 86' lang='lat' dir='ltr'>idest</span> <span class='ocrx_word' id='word_1_208' title='bbox 1537 2322 1595 2385; x_wconf 88' lang='lat' dir='ltr'>hoc</span> <span class='ocrx_word' id='word_1_209' title='bbox 1617 2343 1679 2405; x_wconf 79' lang='lat' dir='ltr'>pro</span> 
     </span>
     <span class='ocr_line' id='line_1_20' title="bbox 386 2421 1680 2504; baseline 0 -20"><span class='ocrx_word' id='word_1_210' title='bbox 386 2424 500 2484; x_wconf 85' lang='lat' dir='ltr'>mium?</span> <span class='ocrx_word' id='word_1_211' title='bbox 521 2423 606 2484; x_wconf 90' lang='lat' dir='ltr'>cuius</span> <span class='ocrx_word' id='word_1_212' title='bbox 628 2442 679 2483; x_wconf 88' lang='lat' dir='ltr'>seu</span> <span class='ocrx_word' id='word_1_213' title='bbox 702 2424 797 2503; x_wconf 76' lang='lat' dir='ltr'>meriti</span> <span class='ocrx_word' id='word_1_214' title='bbox 820 2421 899 2484; x_wconf 84' lang='lat' dir='ltr'>fuit?</span> <span class='ocrx_word' id='word_1_215' title='bbox 919 2423 1014 2504; x_wconf 87' lang='lat' dir='ltr'>quasi,</span> <span class='ocrx_word' id='word_1_216' title='bbox 1037 2437 1070 2483; x_wconf 91' lang='lat' dir='ltr'>ut</span> <span class='ocrx_word' id='word_1_217' title='bbox 1091 2422 1161 2504; x_wconf 88' lang='lat' dir='ltr'>quid</span> <span class='ocrx_word' id='word_1_218' title='bbox 1184 2424 1317 2484; x_wconf 88' lang='lat' dir='ltr'>meruisti</span> <span class='ocrx_word' id='word_1_219' title='bbox 1339 2437 1373 2484; x_wconf 86' lang='lat' dir='ltr'>nt</span> <span class='ocrx_word' id='word_1_220' title='bbox 1394 2438 1510 2484; x_wconf 78' lang='lat' dir='ltr'>tantum</span> <span class='ocrx_word' id='word_1_221' title='bbox 1534 2423 1680 2504; x_wconf 76' lang='lat' dir='ltr'>premium</span> 
     </span>
     <span class='ocr_line' id='line_1_21' title="bbox 386 2509 1679 2604; baseline -0.001 -21"><span class='ocrx_word' id='word_1_222' title='bbox 386 2520 521 2595; x_wconf 87' lang='lat' dir='ltr'>haberes,</span> <span class='ocrx_word' id='word_1_223' title='bbox 532 2536 583 2583; x_wconf 85' lang='lat' dir='ltr'>aut</span> <span class='ocrx_word' id='word_1_224' title='bbox 596 2521 673 2583; x_wconf 88' lang='lat' dir='ltr'>unde</span> <span class='ocrx_word' id='word_1_225' title='bbox 688 2524 830 2604; x_wconf 84' lang='lat' dir='ltr'>processit</span> <span class='ocrx_word' id='word_1_226' title='bbox 846 2521 893 2583; x_wconf 84' lang='lat' dir='ltr'>ltic</span> <span class='ocrx_word' id='word_1_227' title='bbox 906 2536 1006 2583; x_wconf 71' lang='lat' dir='ltr'>naritus</span> <span class='ocrx_word' id='word_1_228' title='bbox 1017 2542 1111 2595; x_wconf 89' lang='lat' dir='ltr'>amor,</span> <span class='ocrx_word' id='word_1_229' title='bbox 1122 2538 1153 2583; x_wconf 87' lang='lat' dir='ltr'>ut</span> <span class='ocrx_word' id='word_1_230' title='bbox 1165 2520 1214 2583; x_wconf 90' lang='lat' dir='ltr'>ille</span> <span class='ocrx_word' id='word_1_231' title='bbox 1225 2521 1361 2583; x_wconf 87' lang='lat' dir='ltr'>cantibus</span> <span class='ocrx_word' id='word_1_232' title='bbox 1373 2509 1547 2583; x_wconf 61' lang='lat' dir='ltr'>tradereti·</span> <span class='ocrx_word' id='word_1_233' title='bbox 1562 2522 1679 2584; x_wconf 72' lang='lat' dir='ltr'>vitellius.</span> 
     </span>
     <span class='ocr_line' id='line_1_22' title="bbox 387 2619 1679 2703; baseline -0.002 -18"><span class='ocrx_word' id='word_1_234' title='bbox 387 2620 556 2702; x_wconf 79' lang='lat' dir='ltr'>Respondet</span> <span class='ocrx_word' id='word_1_235' title='bbox 579 2621 640 2703; x_wconf 85' lang='lat' dir='ltr'>ipse</span> <span class='ocrx_word' id='word_1_236' title='bbox 662 2622 792 2681; x_wconf 84' lang='lat' dir='ltr'>tirenus:</span> <span class='ocrx_word' id='word_1_237' title='bbox 816 2620 932 2689; x_wconf 79' lang='lat' dir='ltr'>mallius,</span> <span class='ocrx_word' id='word_1_238' title='bbox 956 2641 1008 2683; x_wconf 90' lang='lat' dir='ltr'>seu</span> <span class='ocrx_word' id='word_1_239' title='bbox 1030 2622 1125 2700; x_wconf 85' lang='lat' dir='ltr'>meritj</span> <span class='ocrx_word' id='word_1_240' title='bbox 1150 2623 1205 2700; x_wconf 79' lang='lat' dir='ltr'>mei</span> <span class='ocrx_word' id='word_1_241' title='bbox 1229 2619 1278 2682; x_wconf 91' lang='lat' dir='ltr'>hic</span> <span class='ocrx_word' id='word_1_242' title='bbox 1311 2640 1396 2680; x_wconf 79' lang='lat' dir='ltr'>artior</span> <span class='ocrx_word' id='word_1_243' title='bbox 1426 2635 1455 2681; x_wconf 88' lang='lat' dir='ltr'>et</span> <span class='ocrx_word' id='word_1_244' title='bbox 1487 2619 1543 2682; x_wconf 87' lang='lat' dir='ltr'>bec</span> <span class='ocrx_word' id='word_1_245' title='bbox 1566 2641 1679 2683; x_wconf 89' lang='lat' dir='ltr'>merces</span> 
     </span>
     <span class='ocr_line' id='line_1_23' title="bbox 386 2718 1681 2803; baseline -0.001 -21"><span class='ocrx_word' id='word_1_246' title='bbox 386 2720 451 2794; x_wconf 87' lang='lat' dir='ltr'>luit,</span> <span class='ocrx_word' id='word_1_247' title='bbox 467 2720 517 2781; x_wconf 90' lang='lat' dir='ltr'>sed</span> <span class='ocrx_word' id='word_1_248' title='bbox 536 2718 598 2781; x_wconf 88' lang='lat' dir='ltr'>sola</span> <span class='ocrx_word' id='word_1_249' title='bbox 621 2740 656 2781; x_wconf 86' lang='lat' dir='ltr'>ex</span> <span class='ocrx_word' id='word_1_250' title='bbox 679 2723 741 2782; x_wconf 90' lang='lat' dir='ltr'>eius</span> <span class='ocrx_word' id='word_1_251' title='bbox 764 2722 858 2803; x_wconf 87' lang='lat' dir='ltr'>gratia</span> <span class='ocrx_word' id='word_1_252' title='bbox 880 2736 909 2782; x_wconf 91' lang='lat' dir='ltr'>et</span> <span class='ocrx_word' id='word_1_253' title='bbox 931 2723 1054 2782; x_wconf 88' lang='lat' dir='ltr'>caritate</span> <span class='ocrx_word' id='word_1_254' title='bbox 1076 2722 1234 2803; x_wconf 90' lang='lat' dir='ltr'>processit;</span> <span class='ocrx_word' id='word_1_255' title='bbox 1250 2736 1279 2781; x_wconf 87' lang='lat' dir='ltr'>et</span> <span class='ocrx_word' id='word_1_256' title='bbox 1295 2721 1361 2781; x_wconf 92' lang='lat' dir='ltr'>ideo</span> <span class='ocrx_word' id='word_1_257' title='bbox 1382 2721 1474 2782; x_wconf 87' lang='lat' dir='ltr'>dicit:</span> <span class='ocrx_word' id='word_1_258' title='bbox 1498 2741 1565 2780; x_wconf 76' lang='lat' dir='ltr'>renio</span> <span class='ocrx_word' id='word_1_259' title='bbox 1585 2727 1681 2803; x_wconf 78' lang='lat' dir='ltr'>sponte</span> 
     </span>
     <span class='ocr_line' id='line_1_24' title="bbox 384 2819 1678 2903; baseline 0 -23"><span class='ocrx_word' id='word_1_260' title='bbox 384 2840 475 2880; x_wconf 76' lang='lat' dir='ltr'>nterim</span> <span class='ocrx_word' id='word_1_261' title='bbox 497 2819 619 2903; x_wconf 81' lang='lat' dir='ltr'>paesi-eit</span> <span class='ocrx_word' id='word_1_262' title='bbox 640 2840 774 2881; x_wconf 80' lang='lat' dir='ltr'>errrorem.</span> <span class='ocrx_word' id='word_1_263' title='bbox 797 2822 874 2882; x_wconf 89' lang='lat' dir='ltr'>Nam</span> <span class='ocrx_word' id='word_1_264' title='bbox 898 2822 959 2903; x_wconf 90' lang='lat' dir='ltr'>ipse</span> <span class='ocrx_word' id='word_1_265' title='bbox 980 2821 1053 2882; x_wconf 88' lang='lat' dir='ltr'>deus</span> <span class='ocrx_word' id='word_1_266' title='bbox 1075 2820 1138 2882; x_wconf 89' lang='lat' dir='ltr'>sola</span> <span class='ocrx_word' id='word_1_267' title='bbox 1160 2842 1194 2883; x_wconf 79' lang='lat' dir='ltr'>ex</span> <span class='ocrx_word' id='word_1_268' title='bbox 1223 2820 1424 2882; x_wconf 88' lang='lat' dir='ltr'>misericordia</span> <span class='ocrx_word' id='word_1_269' title='bbox 1446 2833 1475 2881; x_wconf 84' lang='lat' dir='ltr'>et</span> <span class='ocrx_word' id='word_1_270' title='bbox 1496 2822 1606 2901; x_wconf 86' lang='lat' dir='ltr'>pietate</span> <span class='ocrx_word' id='word_1_271' title='bbox 1626 2839 1678 2880; x_wconf 86' lang='lat' dir='ltr'>sua</span> 
     </span>
     <span class='ocr_line' id='line_1_25' title="bbox 380 2917 1680 2982; baseline -0.001 -1"><span class='ocrx_word' id='word_1_272' title='bbox 380 2918 459 2981; x_wconf 86' lang='lat' dir='ltr'>dona</span> <span class='ocrx_word' id='word_1_273' title='bbox 482 2919 611 2979; x_wconf 82' lang='lat' dir='ltr'>maxima</span> <span class='ocrx_word' id='word_1_274' title='bbox 633 2917 748 2980; x_wconf 91' lang='lat' dir='ltr'>homini</span> <span class='ocrx_word' id='word_1_275' title='bbox 770 2918 874 2981; x_wconf 86' lang='lat' dir='ltr'>tribuit</span> <span class='ocrx_word' id='word_1_276' title='bbox 896 2935 925 2981; x_wconf 87' lang='lat' dir='ltr'>et</span> <span class='ocrx_word' id='word_1_277' title='bbox 947 2940 1015 2981; x_wconf 90' lang='lat' dir='ltr'>eum</span> <span class='ocrx_word' id='word_1_278' title='bbox 1044 2919 1081 2982; x_wconf 88' lang='lat' dir='ltr'>ad</span> <span class='ocrx_word' id='word_1_279' title='bbox 1109 2919 1245 2982; x_wconf 88' lang='lat' dir='ltr'>ardorem</span> <span class='ocrx_word' id='word_1_280' title='bbox 1273 2921 1404 2982; x_wconf 86' lang='lat' dir='ltr'>caritatis</span> <span class='ocrx_word' id='word_1_281' title='bbox 1436 2940 1490 2981; x_wconf 88' lang='lat' dir='ltr'>sue</span> <span class='ocrx_word' id='word_1_282' title='bbox 1510 2918 1630 2982; x_wconf 89' lang='lat' dir='ltr'>deducit</span> <span class='ocrx_word' id='word_1_283' title='bbox 1650 2932 1680 2980; x_wconf 85' lang='lat' dir='ltr'>et</span> 
     </span>
     <span class='ocr_line' id='line_1_26' title="bbox 381 3015 1680 3102; baseline 0.001 -24"><span class='ocrx_word' id='word_1_284' title='bbox 381 3018 461 3079; x_wconf 83' lang='lat' dir='ltr'>trait.</span> <span class='ocrx_word' id='word_1_285' title='bbox 492 3051 513 3063; x_wconf 93' lang='lat'>-</span> <span class='ocrx_word' id='word_1_286' title='bbox 544 3015 657 3101; x_wconf 81' lang='lat' dir='ltr'>diguus,</span> <span class='ocrx_word' id='word_1_287' title='bbox 687 3038 739 3079; x_wconf 91' lang='lat' dir='ltr'>seu</span> <span class='ocrx_word' id='word_1_288' title='bbox 769 3016 819 3080; x_wconf 87' lang='lat' dir='ltr'>ille</span> <span class='ocrx_word' id='word_1_289' title='bbox 849 3017 980 3094; x_wconf 84' lang='lat' dir='ltr'>dedalus,</span> <span class='ocrx_word' id='word_1_290' title='bbox 1009 3018 1084 3080; x_wconf 87' lang='lat' dir='ltr'>idest</span> <span class='ocrx_word' id='word_1_291' title='bbox 1117 3018 1200 3095; x_wconf 89' lang='lat' dir='ltr'>deus,</span> <span class='ocrx_word' id='word_1_292' title='bbox 1222 3038 1302 3102; x_wconf 81' lang='lat' dir='ltr'>quem</span> <span class='ocrx_word' id='word_1_293' title='bbox 1323 3017 1404 3090; x_wconf 80' lang='lat' dir='ltr'>sil-uc,</span> <span class='ocrx_word' id='word_1_294' title='bbox 1436 3019 1512 3094; x_wconf 79' lang='lat' dir='ltr'>idest</span> <span class='ocrx_word' id='word_1_295' title='bbox 1533 3016 1680 3097; x_wconf 79' lang='lat' dir='ltr'>bortrines,</span> 
     </span>
     <span class='ocr_line' id='line_1_27' title="bbox 383 3114 1681 3201; baseline 0.001 -25"><span class='ocrx_word' id='word_1_296' title='bbox 383 3116 519 3177; x_wconf 80' lang='lat' dir='ltr'>civitates</span> <span class='ocrx_word' id='word_1_297' title='bbox 541 3114 684 3191; x_wconf 86' lang='lat' dir='ltr'>adorent;</span> <span class='ocrx_word' id='word_1_298' title='bbox 706 3151 725 3163; x_wconf 91' lang='lat'>-</span> <span class='ocrx_word' id='word_1_299' title='bbox 757 3138 839 3201; x_wconf 78' lang='lat' dir='ltr'>quem</span> <span class='ocrx_word' id='word_1_300' title='bbox 856 3125 965 3200; x_wconf 78' lang='lat' dir='ltr'>pastor,</span> <span class='ocrx_word' id='word_1_301' title='bbox 999 3117 1075 3179; x_wconf 86' lang='lat' dir='ltr'>idest</span> <span class='ocrx_word' id='word_1_302' title='bbox 1096 3120 1193 3178; x_wconf 83' lang='lat' dir='ltr'>orarnis</span> <span class='ocrx_word' id='word_1_303' title='bbox 1226 3137 1275 3179; x_wconf 79' lang='lat' dir='ltr'>rex</span> <span class='ocrx_word' id='word_1_304' title='bbox 1309 3132 1338 3177; x_wconf 86' lang='lat' dir='ltr'>et</span> <span class='ocrx_word' id='word_1_305' title='bbox 1360 3119 1496 3198; x_wconf 87' lang='lat' dir='ltr'>princeps</span> <span class='ocrx_word' id='word_1_306' title='bbox 1522 3132 1552 3177; x_wconf 85' lang='lat' dir='ltr'>et</span> <span class='ocrx_word' id='word_1_307' title='bbox 1584 3131 1681 3178; x_wconf 88' lang='lat' dir='ltr'>rector</span> 
     </span>
     <span class='ocr_line' id='line_1_28' title="bbox 384 3214 1680 3298; baseline 0.002 -23"><span class='ocrx_word' id='word_1_308' title='bbox 384 3230 475 3297; x_wconf 84' lang='lat' dir='ltr'>atque</span> <span class='ocrx_word' id='word_1_309' title='bbox 495 3214 634 3276; x_wconf 87' lang='lat' dir='ltr'>dominus</span> <span class='ocrx_word' id='word_1_310' title='bbox 656 3215 777 3292; x_wconf 81' lang='lat' dir='ltr'>adoret3</span> <span class='ocrx_word' id='word_1_311' title='bbox 800 3236 868 3277; x_wconf 88' lang='lat' dir='ltr'>nam</span> <span class='ocrx_word' id='word_1_312' title='bbox 900 3232 1020 3297; x_wconf 88' lang='lat' dir='ltr'>propter</span> <span class='ocrx_word' id='word_1_313' title='bbox 1052 3215 1140 3277; x_wconf 74' lang='lat' dir='ltr'>silvas</span> <span class='ocrx_word' id='word_1_314' title='bbox 1173 3215 1312 3298; x_wconf 88' lang='lat' dir='ltr'>intelligit</span> <span class='ocrx_word' id='word_1_315' title='bbox 1345 3218 1481 3278; x_wconf 78' lang='lat' dir='ltr'>civitates</span> <span class='ocrx_word' id='word_1_316' title='bbox 1513 3232 1543 3277; x_wconf 93' lang='lat' dir='ltr'>et</span> <span class='ocrx_word' id='word_1_317' title='bbox 1563 3216 1680 3290; x_wconf 86' lang='lat' dir='ltr'>domos,</span> 
     </span>
     <span class='ocr_line' id='line_1_29' title="bbox 386 3313 1680 3399; baseline 0.001 -25"><span class='ocrx_word' id='word_1_318' title='bbox 386 3327 506 3397; x_wconf 86' lang='lat' dir='ltr'>propter</span> <span class='ocrx_word' id='word_1_319' title='bbox 527 3332 633 3396; x_wconf 78' lang='lat' dir='ltr'>greges</span> <span class='ocrx_word' id='word_1_320' title='bbox 655 3313 765 3395; x_wconf 90' lang='lat' dir='ltr'>populi,</span> <span class='ocrx_word' id='word_1_321' title='bbox 788 3331 909 3397; x_wconf 87' lang='lat' dir='ltr'>propter</span> <span class='ocrx_word' id='word_1_322' title='bbox 929 3330 1062 3397; x_wconf 86' lang='lat' dir='ltr'>pastores</span> <span class='ocrx_word' id='word_1_323' title='bbox 1092 3336 1175 3399; x_wconf 91' lang='lat' dir='ltr'>reges</span> <span class='ocrx_word' id='word_1_324' title='bbox 1208 3315 1456 3399; x_wconf 87' lang='lat' dir='ltr'>intelliguntur.·</span> <span class='ocrx_word' id='word_1_325' title='bbox 1488 3336 1546 3399; x_wconf 84' lang='lat' dir='ltr'>qun</span> <span class='ocrx_word' id='word_1_326' title='bbox 1568 3322 1680 3376; x_wconf 78' lang='lat' dir='ltr'>laurera:</span> 
     </span>
     <span class='ocr_line' id='line_1_30' title="bbox 386 3410 1679 3500; baseline 0.002 -26"><span class='ocrx_word' id='word_1_327' title='bbox 386 3411 435 3475; x_wconf 89' lang='lat' dir='ltr'>hic</span> <span class='ocrx_word' id='word_1_328' title='bbox 456 3410 589 3495; x_wconf 86' lang='lat' dir='ltr'>loquitur</span> <span class='ocrx_word' id='word_1_329' title='bbox 610 3412 714 3495; x_wconf 87' lang='lat' dir='ltr'>gallus,</span> <span class='ocrx_word' id='word_1_330' title='bbox 737 3415 907 3498; x_wconf 87' lang='lat' dir='ltr'>interogans</span> <span class='ocrx_word' id='word_1_331' title='bbox 929 3431 1068 3499; x_wconf 72' lang='lat' dir='ltr'>tyrenum</span> <span class='ocrx_word' id='word_1_332' title='bbox 1094 3436 1152 3498; x_wconf 85' lang='lat' dir='ltr'>qua</span> <span class='ocrx_word' id='word_1_333' title='bbox 1185 3418 1305 3498; x_wconf 80' lang='lat' dir='ltr'>regione</span> <span class='ocrx_word' id='word_1_334' title='bbox 1336 3416 1394 3477; x_wconf 88' lang='lat' dir='ltr'>hoc</span> <span class='ocrx_word' id='word_1_335' title='bbox 1426 3417 1453 3476; x_wconf 90' lang='lat' dir='ltr'>ei</span> <span class='ocrx_word' id='word_1_336' title='bbox 1474 3415 1600 3477; x_wconf 80' lang='lat' dir='ltr'>accidit:</span> <span class='ocrx_word' id='word_1_337' title='bbox 1623 3435 1679 3500; x_wconf 77' lang='lat' dir='ltr'>qma</span> 
     </span>
     <span class='ocr_line' id='line_1_31' title="bbox 387 3512 1680 3598; baseline 0.005 -27"><span class='ocrx_word' id='word_1_338' title='bbox 387 3512 509 3595; x_wconf 78' lang='lat' dir='ltr'>reginae,</span> <span class='ocrx_word' id='word_1_339' title='bbox 532 3512 606 3588; x_wconf 89' lang='lat' dir='ltr'>idest</span> <span class='ocrx_word' id='word_1_340' title='bbox 636 3514 665 3574; x_wconf 92' lang='lat' dir='ltr'>in</span> <span class='ocrx_word' id='word_1_341' title='bbox 693 3533 750 3596; x_wconf 92' lang='lat' dir='ltr'>qua</span> <span class='ocrx_word' id='word_1_342' title='bbox 779 3516 931 3596; x_wconf 74' lang='lat' dir='ltr'>provincia</span> <span class='ocrx_word' id='word_1_343' title='bbox 952 3513 1072 3596; x_wconf 89' lang='lat' dir='ltr'>(mundi</span> <span class='ocrx_word' id='word_1_344' title='bbox 1098 3516 1179 3598; x_wconf 86' lang='lat' dir='ltr'>pars)</span> <span class='ocrx_word' id='word_1_345' title='bbox 1211 3536 1286 3589; x_wconf 86' lang='lat' dir='ltr'>sors,</span> <span class='ocrx_word' id='word_1_346' title='bbox 1309 3515 1384 3577; x_wconf 88' lang='lat' dir='ltr'>idest</span> <span class='ocrx_word' id='word_1_347' title='bbox 1415 3515 1473 3578; x_wconf 88' lang='lat' dir='ltr'>hoe</span> <span class='ocrx_word' id='word_1_348' title='bbox 1508 3515 1620 3578; x_wconf 61' lang='lat' dir='ltr'>mitum</span> <span class='ocrx_word' id='word_1_349' title='bbox 1651 3531 1680 3578; x_wconf 85' lang='lat' dir='ltr'>et</span> 
     </span>
     <span class='ocr_line' id='line_1_32' title="bbox 388 3609 1679 3697; baseline 0.004 -25"><span class='ocrx_word' id='word_1_350' title='bbox 388 3609 468 3686; x_wconf 80' lang='lat' dir='ltr'>felis,</span> <span class='ocrx_word' id='word_1_351' title='bbox 489 3611 537 3672; x_wconf 79' lang='lat' dir='ltr'>vel</span> <span class='ocrx_word' id='word_1_352' title='bbox 558 3610 616 3673; x_wconf 90' lang='lat' dir='ltr'>hoc</span> <span class='ocrx_word' id='word_1_353' title='bbox 637 3612 749 3674; x_wconf 93' lang='lat' dir='ltr'>donum</span> <span class='ocrx_word' id='word_1_354' title='bbox 772 3612 822 3693; x_wconf 82' lang='lat' dir='ltr'>rtbj</span> <span class='ocrx_word' id='word_1_355' title='bbox 849 3613 968 3676; x_wconf 76' lang='lat' dir='ltr'>obviam</span> <span class='ocrx_word' id='word_1_356' title='bbox 991 3616 1095 3678; x_wconf 78' lang='lat' dir='ltr'>seuit?</span> <span class='ocrx_word' id='word_1_357' title='bbox 1117 3615 1191 3677; x_wconf 89' lang='lat' dir='ltr'>idest</span> <span class='ocrx_word' id='word_1_358' title='bbox 1207 3617 1236 3676; x_wconf 91' lang='lat' dir='ltr'>in</span> <span class='ocrx_word' id='word_1_359' title='bbox 1257 3635 1315 3696; x_wconf 88' lang='lat' dir='ltr'>qua</span> <span class='ocrx_word' id='word_1_360' title='bbox 1332 3618 1454 3697; x_wconf 89' lang='lat' dir='ltr'>regione</span> <span class='ocrx_word' id='word_1_361' title='bbox 1468 3614 1522 3677; x_wconf 89' lang='lat' dir='ltr'>tibi</span> <span class='ocrx_word' id='word_1_362' title='bbox 1538 3615 1595 3677; x_wconf 88' lang='lat' dir='ltr'>hoc</span> <span class='ocrx_word' id='word_1_363' title='bbox 1616 3629 1679 3678; x_wconf 82' lang='lat' dir='ltr'>tarn</span> 
     </span>
     <span class='ocr_line' id='line_1_33' title="bbox 388 3709 1681 3798; baseline 0.005 -28"><span class='ocrx_word' id='word_1_364' title='bbox 388 3711 553 3771; x_wconf 81' lang='lat' dir='ltr'>maximum</span> <span class='ocrx_word' id='word_1_365' title='bbox 576 3709 687 3773; x_wconf 88' lang='lat' dir='ltr'>bonum</span> <span class='ocrx_word' id='word_1_366' title='bbox 708 3714 873 3795; x_wconf 83' lang='lat' dir='ltr'>contingit?</span> <span class='ocrx_word' id='word_1_367' title='bbox 886 3748 897 3760; x_wconf 94' lang='lat'><strong>·</strong></span> <span class='ocrx_word' id='word_1_368' title='bbox 912 3714 962 3775; x_wconf 77' lang='lat' dir='ltr'>Es!</span> <span class='ocrx_word' id='word_1_369' title='bbox 982 3734 1079 3775; x_wconf 81' lang='lat' dir='ltr'>neruus</span> <span class='ocrx_word' id='word_1_370' title='bbox 1100 3713 1149 3776; x_wconf 83' lang='lat' dir='ltr'>hoc</span> <span class='ocrx_word' id='word_1_371' title='bbox 1164 3714 1239 3776; x_wconf 86' lang='lat' dir='ltr'>loco:</span> <span class='ocrx_word' id='word_1_372' title='bbox 1255 3716 1425 3798; x_wconf 85' lang='lat' dir='ltr'>Respondet</span> <span class='ocrx_word' id='word_1_373' title='bbox 1446 3717 1570 3791; x_wconf 78' lang='lat' dir='ltr'>sirenus,</span> <span class='ocrx_word' id='word_1_374' title='bbox 1584 3730 1681 3777; x_wconf 88' lang='lat' dir='ltr'>osten-</span> 
     </span>
     <span class='ocr_line' id='line_1_34' title="bbox 387 3809 1679 3898; baseline 0.005 -28"><span class='ocrx_word' id='word_1_375' title='bbox 387 3809 460 3871; x_wconf 85' lang='lat' dir='ltr'>dens</span> <span class='ocrx_word' id='word_1_376' title='bbox 475 3809 512 3871; x_wconf 90' lang='lat' dir='ltr'>de</span> <span class='ocrx_word' id='word_1_377' title='bbox 526 3829 583 3892; x_wconf 87' lang='lat' dir='ltr'>qua</span> <span class='ocrx_word' id='word_1_378' title='bbox 600 3812 721 3894; x_wconf 83' lang='lat' dir='ltr'>regione</span> <span class='ocrx_word' id='word_1_379' title='bbox 742 3826 828 3873; x_wconf 88' lang='lat' dir='ltr'>natus</span> <span class='ocrx_word' id='word_1_380' title='bbox 850 3813 888 3874; x_wconf 91' lang='lat' dir='ltr'>sit</span> <span class='ocrx_word' id='word_1_381' title='bbox 910 3827 940 3874; x_wconf 89' lang='lat' dir='ltr'>et</span> <span class='ocrx_word' id='word_1_382' title='bbox 960 3812 1041 3894; x_wconf 89' lang='lat' dir='ltr'>quod</span> <span class='ocrx_word' id='word_1_383' title='bbox 1064 3815 1092 3875; x_wconf 91' lang='lat' dir='ltr'>in</span> <span class='ocrx_word' id='word_1_384' title='bbox 1114 3816 1179 3896; x_wconf 90' lang='lat' dir='ltr'>ipso</span> <span class='ocrx_word' id='word_1_385' title='bbox 1201 3835 1256 3875; x_wconf 88' lang='lat' dir='ltr'>suo</span> <span class='ocrx_word' id='word_1_386' title='bbox 1278 3812 1376 3875; x_wconf 88' lang='lat' dir='ltr'>natale</span> <span class='ocrx_word' id='word_1_387' title='bbox 1390 3836 1407 3874; x_wconf 87' lang='lat' dir='ltr'>a</span> <span class='ocrx_word' id='word_1_388' title='bbox 1421 3815 1490 3890; x_wconf 87' lang='lat' dir='ltr'>deo,</span> <span class='ocrx_word' id='word_1_389' title='bbox 1504 3813 1550 3876; x_wconf 79' lang='lat' dir='ltr'>vel</span> <span class='ocrx_word' id='word_1_390' title='bbox 1565 3814 1603 3877; x_wconf 79' lang='lat' dir='ltr'>ab</span> <span class='ocrx_word' id='word_1_391' title='bbox 1617 3817 1679 3898; x_wconf 89' lang='lat' dir='ltr'>ipsa</span> 
     </span>
     <span class='ocr_line' id='line_1_35' title="bbox 389 3908 1681 3997; baseline 0.005 -27"><span class='ocrx_word' id='word_1_392' title='bbox 389 3924 494 3971; x_wconf 85' lang='lat' dir='ltr'>natura</span> <span class='ocrx_word' id='word_1_393' title='bbox 508 3908 565 3971; x_wconf 91' lang='lat' dir='ltr'>hoc</span> <span class='ocrx_word' id='word_1_394' title='bbox 587 3909 699 3972; x_wconf 89' lang='lat' dir='ltr'>donum</span> <span class='ocrx_word' id='word_1_395' title='bbox 721 3913 747 3973; x_wconf 86' lang='lat' dir='ltr'>ei</span> <span class='ocrx_word' id='word_1_396' title='bbox 768 3911 871 3972; x_wconf 86' lang='lat' dir='ltr'>datum</span> <span class='ocrx_word' id='word_1_397' title='bbox 893 3913 940 3973; x_wconf 86' lang='lat' dir='ltr'>sit.</span> <span class='ocrx_word' id='word_1_398' title='bbox 963 3915 1000 3974; x_wconf 87' lang='lat' dir='ltr'>Et</span> <span class='ocrx_word' id='word_1_399' title='bbox 1022 3914 1176 3975; x_wconf 87' lang='lat' dir='ltr'>sciendum</span> <span class='ocrx_word' id='word_1_400' title='bbox 1198 3929 1243 3976; x_wconf 87' lang='lat' dir='ltr'>est</span> <span class='ocrx_word' id='word_1_401' title='bbox 1264 3914 1344 3996; x_wconf 87' lang='lat' dir='ltr'>quod</span> <span class='ocrx_word' id='word_1_402' title='bbox 1360 3916 1423 3995; x_wconf 90' lang='lat' dir='ltr'>ipse</span> <span class='ocrx_word' id='word_1_403' title='bbox 1438 3917 1611 3976; x_wconf 68' lang='lat' dir='ltr'>franciscus</span> <span class='ocrx_word' id='word_1_404' title='bbox 1634 3934 1681 3997; x_wconf 85' lang='lat' dir='ltr'>pe·</span> 
     </span>
     <span class='ocr_line' id='line_1_36' title="bbox 388 4008 1681 4096; baseline 0.005 -27"><span class='ocrx_word' id='word_1_405' title='bbox 388 4021 484 4070; x_wconf 82' lang='lat' dir='ltr'>trarca</span> <span class='ocrx_word' id='word_1_406' title='bbox 506 4029 541 4069; x_wconf 82' lang='lat' dir='ltr'>ex</span> <span class='ocrx_word' id='word_1_407' title='bbox 564 4008 734 4090; x_wconf 85' lang='lat' dir='ltr'>parentibus</span> <span class='ocrx_word' id='word_1_408' title='bbox 755 4008 919 4073; x_wconf 84' lang='lat' dir='ltr'>florentinis</span> <span class='ocrx_word' id='word_1_409' title='bbox 941 4014 1060 4094; x_wconf 89' lang='lat' dir='ltr'>genitus</span> <span class='ocrx_word' id='word_1_410' title='bbox 1082 4028 1126 4073; x_wconf 85' lang='lat' dir='ltr'>est</span> <span class='ocrx_word' id='word_1_411' title='bbox 1140 4012 1294 4087; x_wconf 83' lang='lat' dir='ltr'>florentie3</span> <span class='ocrx_word' id='word_1_412' title='bbox 1308 4013 1359 4074; x_wconf 87' lang='lat' dir='ltr'>sed</span> <span class='ocrx_word' id='word_1_413' title='bbox 1373 4029 1458 4096; x_wconf 86' lang='lat' dir='ltr'>pater</span> <span class='ocrx_word' id='word_1_414' title='bbox 1472 4016 1545 4088; x_wconf 88' lang='lat' dir='ltr'>eius,</span> <span class='ocrx_word' id='word_1_415' title='bbox 1560 4028 1681 4096; x_wconf 89' lang='lat' dir='ltr'>propter</span> 
     </span>
     <span class='ocr_line' id='line_1_37' title="bbox 388 4106 1680 4194; baseline 0.005 -27"><span class='ocrx_word' id='word_1_416' title='bbox 388 4106 550 4169; x_wconf 88' lang='lat' dir='ltr'>discordias</span> <span class='ocrx_word' id='word_1_417' title='bbox 582 4109 659 4169; x_wconf 89' lang='lat' dir='ltr'>inter</span> <span class='ocrx_word' id='word_1_418' title='bbox 689 4110 768 4171; x_wconf 71' lang='lat' dir='ltr'>cives</span> <span class='ocrx_word' id='word_1_419' title='bbox 796 4110 934 4172; x_wconf 87' lang='lat' dir='ltr'>seditiose</span> <span class='ocrx_word' id='word_1_420' title='bbox 965 4132 1033 4173; x_wconf 87' lang='lat' dir='ltr'>cum</span> <span class='ocrx_word' id='word_1_421' title='bbox 1066 4109 1206 4194; x_wconf 80' lang='lat' dir='ltr'>expulsus</span> <span class='ocrx_word' id='word_1_422' title='bbox 1238 4128 1326 4187; x_wconf 89' lang='lat' dir='ltr'>esset,</span> <span class='ocrx_word' id='word_1_423' title='bbox 1347 4114 1442 4174; x_wconf 87' lang='lat' dir='ltr'>aretio</span> <span class='ocrx_word' id='word_1_424' title='bbox 1464 4128 1551 4175; x_wconf 86' lang='lat' dir='ltr'>natus</span> <span class='ocrx_word' id='word_1_425' title='bbox 1576 4128 1621 4175; x_wconf 88' lang='lat' dir='ltr'>est</span> <span class='ocrx_word' id='word_1_426' title='bbox 1650 4115 1680 4174; x_wconf 92' lang='lat' dir='ltr'>in</span> 
     </span>
     <span class='ocr_line' id='line_1_38' title="bbox 388 4210 1680 4293; baseline 0.005 -26"><span class='ocrx_word' id='word_1_427' title='bbox 388 4222 523 4269; x_wconf 87' lang='lat' dir='ltr'>contrata</span> <span class='ocrx_word' id='word_1_428' title='bbox 545 4227 603 4291; x_wconf 88' lang='lat' dir='ltr'>quc</span> <span class='ocrx_word' id='word_1_429' title='bbox 624 4225 812 4293; x_wconf 85' lang='lat' dir='ltr'>nuncupatur</span> <span class='ocrx_word' id='word_1_430' title='bbox 832 4225 949 4272; x_wconf 78' lang='lat' dir='ltr'>«orto»</span> <span class='ocrx_word' id='word_1_431' title='bbox 966 4210 1138 4292; x_wconf 78' lang='lat' dir='ltr'>vulgariter,</span> <span class='ocrx_word' id='word_1_432' title='bbox 1153 4212 1204 4273; x_wconf 87' lang='lat' dir='ltr'>sed</span> <span class='ocrx_word' id='word_1_433' title='bbox 1226 4210 1316 4273; x_wconf 88' lang='lat' dir='ltr'>latine</span> <span class='ocrx_word' id='word_1_434' title='bbox 1336 4228 1430 4276; x_wconf 87' lang='lat' dir='ltr'>ortus.</span> <span class='ocrx_word' id='word_1_435' title='bbox 1451 4213 1519 4277; x_wconf 88' lang='lat' dir='ltr'>ideo</span> <span class='ocrx_word' id='word_1_436' title='bbox 1536 4211 1680 4277; x_wconf 61' lang='lat' dir='ltr'>,describit</span> 
     </span>
     <span class='ocr_line' id='line_1_39' title="bbox 389 4307 1681 4395; baseline 0.003 -27"><span class='ocrx_word' id='word_1_437' title='bbox 389 4307 542 4390; x_wconf 87' lang='lat' dir='ltr'>regionem</span> <span class='ocrx_word' id='word_1_438' title='bbox 565 4310 594 4368; x_wconf 91' lang='lat' dir='ltr'>in</span> <span class='ocrx_word' id='word_1_439' title='bbox 615 4329 673 4391; x_wconf 88' lang='lat' dir='ltr'>qua</span> <span class='ocrx_word' id='word_1_440' title='bbox 695 4326 780 4372; x_wconf 88' lang='lat' dir='ltr'>natus</span> <span class='ocrx_word' id='word_1_441' title='bbox 802 4326 846 4371; x_wconf 90' lang='lat' dir='ltr'>est</span> <span class='ocrx_word' id='word_1_442' title='bbox 868 4326 897 4371; x_wconf 90' lang='lat' dir='ltr'>et</span> <span class='ocrx_word' id='word_1_443' title='bbox 919 4331 978 4371; x_wconf 92' lang='lat' dir='ltr'>non</span> <span class='ocrx_word' id='word_1_444' title='bbox 999 4313 1162 4385; x_wconf 74' lang='lat' dir='ltr'>civitatem,</span> <span class='ocrx_word' id='word_1_445' title='bbox 1183 4333 1238 4373; x_wconf 86' lang='lat' dir='ltr'>nec</span> <span class='ocrx_word' id='word_1_446' title='bbox 1260 4310 1376 4388; x_wconf 82' lang='lat' dir='ltr'>locum3</span> <span class='ocrx_word' id='word_1_447' title='bbox 1391 4328 1421 4373; x_wconf 88' lang='lat' dir='ltr'>et</span> <span class='ocrx_word' id='word_1_448' title='bbox 1436 4314 1478 4375; x_wconf 90' lang='lat' dir='ltr'>sic</span> <span class='ocrx_word' id='word_1_449' title='bbox 1494 4314 1615 4395; x_wconf 85' lang='lat' dir='ltr'>incipit:</span> <span class='ocrx_word' id='word_1_450' title='bbox 1631 4313 1681 4374; x_wconf 74' lang='lat' dir='ltr'>Est</span> 
     </span>
     <span class='ocr_line' id='line_1_40' title="bbox 388 4407 1679 4493; baseline 0.005 -27"><span class='ocrx_word' id='word_1_451' title='bbox 388 4425 485 4467; x_wconf 82' lang='lat' dir='ltr'>neurus</span> <span class='ocrx_word' id='word_1_452' title='bbox 506 4407 626 4480; x_wconf 74' lang='lat' dir='ltr'>neriano,</span> <span class='ocrx_word' id='word_1_453' title='bbox 643 4408 717 4470; x_wconf 82' lang='lat' dir='ltr'>idest</span> <span class='ocrx_word' id='word_1_454' title='bbox 731 4408 919 4485; x_wconf 89' lang='lat' dir='ltr'>altissimum,</span> <span class='ocrx_word' id='word_1_455' title='bbox 935 4430 997 4493; x_wconf 85' lang='lat' dir='ltr'>qno,</span> <span class='ocrx_word' id='word_1_456' title='bbox 1014 4410 1089 4472; x_wconf 89' lang='lat' dir='ltr'>idest</span> <span class='ocrx_word' id='word_1_457' title='bbox 1105 4414 1132 4472; x_wconf 95' lang='lat' dir='ltr'>in</span> <span class='ocrx_word' id='word_1_458' title='bbox 1148 4432 1218 4493; x_wconf 86' lang='lat' dir='ltr'>quo,</span> <span class='ocrx_word' id='word_1_459' title='bbox 1231 4410 1337 4493; x_wconf 87' lang='lat' dir='ltr'>frigida</span> <span class='ocrx_word' id='word_1_460' title='bbox 1354 4412 1431 4474; x_wconf 87' lang='lat' dir='ltr'>unda</span> <span class='ocrx_word' id='word_1_461' title='bbox 1446 4412 1589 4487; x_wconf 88' lang='lat' dir='ltr'>trabibus,</span> <span class='ocrx_word' id='word_1_462' title='bbox 1604 4411 1679 4473; x_wconf 90' lang='lat' dir='ltr'>idest</span> 
     </span>
     <span class='ocr_line' id='line_1_41' title="bbox 388 4503 1678 4593; baseline 0.005 -27"><span class='ocrx_word' id='word_1_463' title='bbox 388 4503 543 4567; x_wconf 72' lang='lat' dir='ltr'>arboribus</span> <span class='ocrx_word' id='word_1_464' title='bbox 571 4510 700 4590; x_wconf 90' lang='lat' dir='ltr'>quernis,</span> <span class='ocrx_word' id='word_1_465' title='bbox 723 4508 795 4570; x_wconf 91' lang='lat' dir='ltr'>idest</span> <span class='ocrx_word' id='word_1_466' title='bbox 824 4510 951 4592; x_wconf 80' lang='lat' dir='ltr'>quercijs</span> <span class='ocrx_word' id='word_1_467' title='bbox 979 4530 1030 4572; x_wconf 90' lang='lat' dir='ltr'>seu</span> <span class='ocrx_word' id='word_1_468' title='bbox 1063 4510 1100 4571; x_wconf 92' lang='lat' dir='ltr'>de</span> <span class='ocrx_word' id='word_1_469' title='bbox 1130 4510 1309 4593; x_wconf 88' lang='lat' dir='ltr'>quercubus,</span> <span class='ocrx_word' id='word_1_470' title='bbox 1330 4510 1475 4573; x_wconf 73' lang='lat' dir='ltr'>salmonei</span> <span class='ocrx_word' id='word_1_471' title='bbox 1497 4513 1581 4583; x_wconf 84' lang='lat' dir='ltr'>dr&#39;em,</span> <span class='ocrx_word' id='word_1_472' title='bbox 1605 4512 1678 4575; x_wconf 89' lang='lat' dir='ltr'>idest</span> 
     </span>
     <span class='ocr_line' id='line_1_42' title="bbox 388 4605 1678 4695; baseline 0.006 -29"><span class='ocrx_word' id='word_1_473' title='bbox 388 4621 508 4687; x_wconf 87' lang='lat' dir='ltr'>propter</span> <span class='ocrx_word' id='word_1_474' title='bbox 528 4605 715 4670; x_wconf 85' lang='lat' dir='ltr'>altitudinem</span> <span class='ocrx_word' id='word_1_475' title='bbox 738 4611 877 4691; x_wconf 87' lang='lat' dir='ltr'>ipsarum.</span> <span class='ocrx_word' id='word_1_476' title='bbox 892 4645 901 4657; x_wconf 94' lang='lat'>·</span> <span class='ocrx_word' id='word_1_477' title='bbox 917 4630 971 4670; x_wconf 85' lang='lat' dir='ltr'>uon</span> <span class='ocrx_word' id='word_1_478' title='bbox 993 4609 1054 4671; x_wconf 83' lang='lat' dir='ltr'>illic</span> <span class='ocrx_word' id='word_1_479' title='bbox 1076 4631 1149 4672; x_wconf 77' lang='lat' dir='ltr'>nram</span> <span class='ocrx_word' id='word_1_480' title='bbox 1172 4631 1223 4672; x_wconf 88' lang='lat' dir='ltr'>seu</span> <span class='ocrx_word' id='word_1_481' title='bbox 1240 4627 1294 4685; x_wconf 89' lang='lat' dir='ltr'>est,</span> <span class='ocrx_word' id='word_1_482' title='bbox 1310 4632 1357 4673; x_wconf 82' lang='lat' dir='ltr'>uec</span> <span class='ocrx_word' id='word_1_483' title='bbox 1371 4620 1443 4673; x_wconf 74' lang='lat' dir='ltr'>estus</span> <span class='ocrx_word' id='word_1_484' title='bbox 1458 4627 1579 4695; x_wconf 90' lang='lat' dir='ltr'>propter</span> <span class='ocrx_word' id='word_1_485' title='bbox 1600 4612 1678 4674; x_wconf 90' lang='lat' dir='ltr'>dem·</span> 
     </span>
     <span class='ocr_line' id='line_1_43' title="bbox 387 4708 1679 4798; baseline 0.006 -30"><span class='ocrx_word' id='word_1_486' title='bbox 387 4708 506 4787; x_wconf 87' lang='lat' dir='ltr'>sitatem</span> <span class='ocrx_word' id='word_1_487' title='bbox 529 4708 667 4771; x_wconf 85' lang='lat' dir='ltr'>arborum</span> <span class='ocrx_word' id='word_1_488' title='bbox 689 4709 911 4788; x_wconf 79' lang='lat' dir='ltr'>umbrantium3</span> <span class='ocrx_word' id='word_1_489' title='bbox 933 4732 988 4772; x_wconf 83' lang='lat' dir='ltr'>non</span> <span class='ocrx_word' id='word_1_490' title='bbox 1010 4712 1121 4797; x_wconf 78' lang='lat' dir='ltr'>ringula</span> <span class='ocrx_word' id='word_1_491' title='bbox 1141 4713 1247 4798; x_wconf 78' lang='lat' dir='ltr'>gregis,</span> <span class='ocrx_word' id='word_1_492' title='bbox 1270 4713 1344 4775; x_wconf 90' lang='lat' dir='ltr'>idest</span> <span class='ocrx_word' id='word_1_493' title='bbox 1362 4714 1547 4791; x_wconf 87' lang='lat' dir='ltr'>animalium,</span> <span class='ocrx_word' id='word_1_494' title='bbox 1562 4718 1613 4775; x_wconf 80' lang='lat' dir='ltr'>aad</span> <span class='ocrx_word' id='word_1_495' title='bbox 1633 4714 1679 4776; x_wconf 76' lang='lat' dir='ltr'>iro</span> 
     </span>
    </p>
   </div>
   <div class='ocr_carea' id='block_1_3' title="bbox 0 0 2079 5217">
    <p class='ocr_par' dir='ltr' id='par_1_3' title="bbox 0 0 2079 5217">
     <span class='ocr_line' id='line_1_44' title="bbox 0 0 2079 5217; baseline 0 0"><span class='ocrx_word' id='word_1_496' title='bbox 0 0 2079 5217; x_wconf 95' lang='lat' dir='ltr'> </span> 
     </span>
    </p>
   </div>
  </div>
 </body>
</html>
