4125 5217
812 413 844 465 tu
865 413 1054 464 sueottcun
1077 415 1207 467 cannen
1585 419 1650 492 249

367 539 1652 567 -———-—---.-----...-.....-—..

367 669 426 734 hoe
446 673 519 754 agit,
541 694 594 735 seu
615 676 730 757 poetice
757 677 838 739 artis.
860 711 880 724 ·
905 676 1002 761 pules:
1029 679 1124 761 Virgo
1153 680 1266 757 Maria3
1297 679 1379 743 Pales
1407 681 1461 743 dea
1490 696 1652 766 pastorum,

368 770 420 833 sed
441 790 493 855 per
513 792 579 835 earn
600 774 740 858 intelligit
762 777 916 860 Virginem
939 779 1073 840 Mariam.
1093 813 1113 826 -
1128 778 1316 843 Pnrllnan'ns:
1338 781 1482 864 Virgilius
1504 782 1653 866 probatus.

368 902 390 917 -
408 873 696 959 verurolffiostendit
716 875 797 958 quod
824 876 899 938 alius
928 892 1028 958 pastor
1048 878 1103 940 sibi
1131 881 1267 962 apparuit
1288 881 1316 942 in
1346 879 1467 945 fortiore
1492 897 1580 956 etate,
1600 902 1652 943 seu

368 968 519 1033 homerus.
540 1004 561 1019 -
579 981 632 1056 per
651 982 789 1057 opacum:
809 974 934 1037 obscuro
954 992 1101 1060 poemata.
1115 1012 1135 1025 -
1148 978 1239 1053 feris:
1259 978 1296 1040 ab
1317 977 1487 1043 hominibus
1509 979 1654 1043 maliuolis

371 1086 401 1133 et
421 1069 636 1134 detractoribus
658 1088 687 1135 et
708 1072 936 1158 obloquentibus
958 1077 988 1138 in
1009 1079 1134 1159 poesim.
1156 1112 1176 1125 -
1197 1099 1290 1140 rrouo:
1311 1078 1475 1157 homerico,
1496 1082 1564 1164 quia
1585 1100 1655 1143 car·

371 1171 452 1234 mins
472 1170 592 1235 heroica
613 1174 678 1256 cepi
700 1193 787 1257 agere
808 1175 844 1237 ad
866 1178 958 1239 instar
979 1179 1111 1240 Maronis
1132 1193 1163 1240 et
1184 1180 1307 1242 Homeri
1330 1177 1345 1263 (
1365 1181 1390 1263 ).

452 1272 520 1334 Eue
539 1273 719 1357 peregrinis:
739 1277 869 1338 ostendit
896 1279 1060 1340 Homerum
1088 1277 1125 1340 de
1152 1277 1653 1363 peregrinis-partibusadsentus;

372 1387 402 1435 et
428 1373 491 1435 into
516 1373 587 1437 dicit
616 1376 847 1458 «peregrinis»,
874 1378 942 1461 quia
970 1375 1054 1441 locus
1080 1394 1161 1441 certe
1187 1379 1312 1462 originis
1344 1400 1404 1442 non
1432 1380 1528 1443 datur.
1557 1379 1655 1465 Aliqui

372 1470 605 1557 Colophonium,
625 1472 715 1558 aliqui
730 1476 899 1539 Smirneum
920 1480 1229 1554 vocantHornerun13
1251 1494 1372 1562 propter
1385 1481 1430 1548 sui
1452 1477 1655 1542 excellentiam

368 1571 834 1657 unusquisque···suum··dieebat
862 1577 967 1639 civem.
997 1578 1103 1640 Cicero
1130 1593 1242 1655 autem,
1267 1579 1306 1639 in>
1324 1579 1540 1662 orationepro
1568 1578 1657 1641 Aulio

373 1674 488 1736 Licinio
509 1673 618 1737 Archia
647 1690 745 1757 poeta,
766 1675 803 1737 de
830 1675 954 1739 homero
981 1678 1023 1740 sic
1052 1677 1142 1739 dicit:
1173 1680 1337 1740 Homerum
1365 1677 1535 1763 colophonii
1561 1680 1656 1741 civem

372 1792 437 1836 esse
457 1774 560 1837 dicunt
581 1795 689 1852 suum3
712 1775 779 1857 Chij
802 1796 889 1839 suunt
913 1778 1082 1854 uindicant;
1096 1776 1247 1859 Salaminii
1270 1794 1425 1861 repetunt;
1446 1779 1564 1861 Smimij
1588 1798 1658 1840 vero

373 1893 462 1936 suum
483 1894 547 1936 esse
568 1873 755 1937 conlinnant.
778 1878 879 1960 ltaque
901 1878 989 1938 etiam
1010 1876 1167 1939 delubrum
1189 1879 1253 1939 eius
1274 1878 1304 1938 in
1329 1877 1420 1959 opido
1440 1877 1657 1940 dedicaverunt

375 1971 519 2037 Pemtulti
539 1973 587 2055 aiij
611 1989 742 2057 preterea
764 1990 898 2058 pugnant
919 1977 996 2038 inter
1016 1997 1048 2039 se
1068 1993 1159 2061 atque
1180 1976 1374 2039 contendunt.

451 2079 571 2159 postor:
591 2072 742 2136 homerus.
763 2109 783 2122 -
804 2095 852 2137 nec
873 2097 1021 2139 rnurmure
1043 2084 1158 2139 nostro:
1178 2079 1247 2160 quia
1269 2097 1386 2160 grecus,
1408 2097 1468 2158 non
1488 2075 1579 2140 latine
1598 2076 1660 2138 des

374 2173 476 2257 cripsit
496 2173 646 2236 homerus.
668 2210 688 2221 -
708 2176 824 2236 orrrnio:
845 2173 902 2237 alia
923 2178 1054 2239 cannina
1069 2192 1098 2239 et
1120 2177 1271 2239 homerica
1293 2178 1419 2238 imitare.
1434 2176 1544 2261 -qnod
1561 2177 1660 2261 prins:

375 2293 411 2336 ex
433 2273 571 2358 Virgilio.
592 2309 612 2322 -
639 2273 673 2336 de
694 2274 795 2359 fortir:
823 2274 986 2351 homerico,
1007 2276 1075 2360 quia
1105 2276 1250 2360 Virgilius
1279 2277 1412 2338 imitatus
1440 2291 1484 2338 est
1504 2275 1660 2339 homerum

376 2374 505 2436 maxime
525 2375 556 2436 in
577 2374 703 2437 Odissea
725 2390 753 2437 et
776 2377 878 2459 primis
899 2397 950 2437 sex
972 2375 1072 2452 libris;
1093 2378 1123 2438 in
1145 2376 1252 2459 quibus
1274 2375 1416 2438 homerus
1429 2377 1467 2438 de
1481 2375 1569 2439 Ulixe
1589 2392 1661 2439 trac·

376 2475 460 2560 tavit,
481 2476 531 2558 qni
553 2490 582 2538 et
603 2476 639 2537 ad
661 2473 770 2537 inferos
792 2479 916 2538 accessit
938 2492 967 2539 et
980 2478 1022 2538 sic
1035 2476 1177 2559 Virgilius
1192 2477 1229 2539 de
1251 2479 1332 2539 Enea
1347 2476 1495 2539 tractarit.
1516 2510 1536 2523 -
1556 2477 1661 2536 nitrien:

377 2572 471 2651 lauro,
492 2593 551 2658 qua
572 2589 660 2658 poete
681 2575 859 2641 laureantur.
881 2610 901 2623 ·
921 2578 1044 2638 orritln:
1065 2576 1285 2661 perignobiles;
1300 2577 1366 2638 ideo
1381 2591 1493 2639 tractus
1515 2596 1580 2637 sunt
1601 2576 1662 2637 dul·
1711 2596 1714 2602 ·

377 2674 481 2738 cedine
501 2690 605 2737 cantus
620 2676 745 2739 istorum
766 2677 893 2739 duorum
917 2692 1067 2759 pastorum
1083 2677 1200 2760 Virgilii
1217 2693 1246 2739 et
1262 2679 1385 2739 Homeri
1407 2692 1437 2739 et
1458 2691 1575 2739 secutus
1597 2697 1662 2737 sum

373 2774 631 2859 essequodego
653 2775 745 2837 miror
765 2777 844 2859 quod
867 2775 967 2858 populi
990 2792 1019 2837 et
1042 2778 1095 2837 viri
1118 2774 1231 2838 nobiles
1260 2788 1321 2837 non
1342 2788 1413 2837 sunt
1434 2776 1522 2835 etlam
1545 2794 1592 2834 me
1613 2793 1664 2834 se-

378 2875 450 2937 cuti.
471 2908 492 2923 ·
510 2872 607 2937 silvo:
627 2872 739 2959 populi.
761 2909 781 2922 ·
802 2874 876 2957 nerij
887 2901 897 2937 :
919 2875 1032 2938 nobiles
1054 2877 1109 2938 viri
1131 2874 1146 2960 (
1167 2876 1191 2958 ).

456 2976 582 3038 verlice:
603 2977 719 3059 magnis
740 2974 876 3038 dominis.
898 3011 917 3022 -
935 2995 1038 3058 ynros:
1059 2975 1095 3037 ad
1118 2974 1273 3059 populares
1302 2990 1331 3037 et
1359 2972 1507 3058 plebeios3
1534 2975 1602 3056 quia
1624 2976 1664 3034 in-

377 3074 495 3137 terdum
516 3075 654 3138 cannino·
669 3074 705 3136 de
728 3075 864 3136 raaaximis
885 3075 1012 3135 dominis
1041 3089 1071 3137 et
1099 3070 1525 3156 interdurntlepopularibus
1547 3086 1576 3131 et
1589 3070 1665 3131 vinie-

451 3436 490 3498 (t)
509 3430 565 3503 [Cr]
583 3434 722 3483 Benacus:
741 3432 895 3499 Eruptiones
913 3448 1038 3499 aquarum
1052 3440 1120 3483 sunt.
1134 3430 1198 3482 lude
1210 3432 1333 3492 mutem,
1344 3430 1416 3482 lacus
1428 3446 1509 3497 prope
1528 3428 1667 3488 Veronam,

380 3524 456 3577 Unde
473 3523 526 3575 ertit
545 3522 651 3574 mintius
671 3522 765 3574 llumen
785 3533 897 3585 mantue,
916 3524 984 3574 unde
1003 3521 1050 3572 luit
1076 3520 1201 3573 oriundus
1219 3519 1353 3589 Virgilius.
1377 3530 1448 3586 ·pcr
1470 3529 1574 3586 oportun
1584 3536 1595 3569 .·
1613 3536 1666 3569 sea·

379 3604 469 3666 brosbs
488 3613 629 3666 sententies
653 3623 822 3681 pomorum.-
847 3630 936 3665 neritus
945 3630 956 3663 .·
983 3630 1029 3681 per
1057 3624 1165 3664 secreto·
1182 3612 1315 3663 librorum.
1343 3639 1353 3650 ·
1380 3612 1561 3676 Alanorumque
1584 3626 1668 3659 nmo:

379 3704 440 3772 quis
459 3704 585 3756 hebebem
604 3721 693 3756 vocem
710 3713 736 3755 et
754 3721 856 3756 osrmen
876 3703 982 3771 puerile,
1001 3704 1048 3755 sed
1067 3702 1159 3754 melius
1171 3713 1261 3769 postea
1279 3700 1337 3763 leci,
1349 3702 1390 3753 nel
1409 3699 1501 3751 melius
1519 3700 1667 3766 frangebam

379 3811 477 3855 vooem,
494 3794 561 3846 idest
579 3793 697 3846 videberis
711 3794 851 3845 sententias
864 3794 972 3846 aliorum
985 3805 1010 3845 et
1022 3811 1072 3861 ego
1084 3795 1177 3844 dabam
1189 3793 1273 3843 adbuc
1286 3809 1380 3843 noram
1393 3790 1547 3842 sententiam
1558 3790 1667 3841 oliorum

380 3894 409 3945 et
424 3885 489 3938 lorte
508 3885 649 3937 meliorem.
668 3914 677 3925 ·
696 3886 829 3936 Enrnlus:
848 3885 917 3936 volui
941 3902 981 3936 rne
1000 3902 1094 3953 equore
1113 3884 1205 3952 poetis.
1218 3913 1227 3922 -
1238 3885 1318 3934 irrani
1326 3900 1338 3933 .·
1357 3878 1411 3955 [Co]
1431 3881 1491 3948 quis
1510 3881 1595 3931 inanis
1613 3891 1667 3932 eret

284 3997 288 4002 ’
380 3975 489 4027 duloedo
507 3975 572 4027 velle
591 3992 619 4027 se
637 3975 765 4042 edequsre
784 3975 902 4043 Virgilio,
921 3976 960 4027 vel
979 3976 1039 4043 quia
1058 3985 1146 4026 nostra
1165 3974 1271 4026 seientia
1290 3972 1375 4024 inanis
1394 3982 1434 4023 est
1451 3988 1504 4039 quo
1522 3973 1555 4022 ad
1574 3972 1659 4022 deurn.

452 4068 492 4130 (π)
511 4060 554 4139 {El
576 4067 697 4117 ommes:
716 4065 844 4117 dissensio
862 4077 902 4118 est
920 4067 986 4118 inter
1005 4076 1094 4133 poetas
1114 4066 1182 4117 unde
1200 4064 1285 4116 suerit.
1299 4064 1387 4131 Aliqui
1406 4063 1495 4114 dicunt
1508 4064 1540 4134 rle
1560 4061 1669 4122 meonis,

381 4165 408 4207 ut
427 4156 532 4218 statium
549 4155 629 4223 sliqui
647 4158 681 4207 de
700 4157 806 4218 smirna,
818 4166 846 4208 ut
859 4158 973 4218 lueenus,
988 4158 1033 4208 sed
1046 4157 1183 4208 dicendum
1202 4166 1242 4207 est
1260 4156 1330 4223 quod
1350 4164 1457 4221 uterque
1475 4154 1550 4204 bene.
1568 4152 1669 4203 Smirns

380 4256 421 4297 est
438 4244 537 4308 cirins,
556 4245 660 4297 hleooie
678 4245 769 4313 petria.

454 4331 510 4405 [Cr]
526 4336 656 4386 cohaeres:
675 4335 736 4403 quis
754 4345 793 4386 est
811 4336 913 4387 difficile
930 4335 1061 4386 hominem
1082 4335 1198 4386 Italicum
1224 4334 1323 4385 discere
1348 4330 1541 4400 grommeticam
1559 4345 1670 4396 grecam,

384 4416 424 4477 vel
442 4427 504 4495 quie
522 4443 570 4479 nos
588 4428 712 4478 debemus
731 4443 821 4494 eogere
841 4443 935 4486 musas,
954 4425 1002 4477 hoe
1021 4435 1060 4477 est
1079 4427 1212 4477 scabrosas
1232 4424 1373 4476 sententias
1391 4439 1528 4489 exponere.
1546 4419 1688 4471 -umr'co.·'

383 4519 467 4579 laude,
485 4517 552 4568 hmo
577 4527 602 4569 et
621 4516 794 4568 veneratione.
813 4545 822 4555 ·
841 4518 894 4568 llos
912 4534 975 4583 ego:
992 4517 1067 4584 quasi
1093 4516 1178 4568 diest:
1205 4525 1261 4567 toto
1286 4531 1363 4582 posse
1389 4530 1446 4565 sum
1471 4524 1577 4564 conatus
1596 4510 1670 4577 sequi

382 4608 470 4660 stilum
489 4607 578 4660 Omeri
596 4618 621 4659 et
640 4600 753 4676 Virgilii,
772 4636 781 4647 ·
799 4608 935 4658 tritonem.-
953 4610 986 4659 ab
1011 4625 1099 4659 eorum
1126 4607 1253 4658 iucundis.
1272 4634 1281 4645 ·
1298 4606 1407 4655 orrida:
1427 4603 1497 4654 rudis
1516 4602 1626 4669 populus
1645 4612 1670 4652 et

307 4711 310 4718 “
381 4699 546 4751 inlitteratus.
567 4729 576 4739 ·
597 4701 693 4750 Silvo:
711 4709 808 4767 quanto
827 4700 908 4768 magis
927 4709 965 4751 est
984 4700 1077 4757 aerius,
1097 4698 1162 4749 idest
1182 4698 1280 4748 hohitst
1299 4697 1327 4748 in
1340 4694 1454 4754 sublimi,
1467 4705 1538 4745 tanto
1552 4704 1592 4745 est
1611 4709 1668 4761 per·

283 4852 285 4857 .
379 4792 475 4861 spiens,
493 4809 552 4845 curn
570 4808 615 4844 eet
633 4792 748 4860 grossior
767 4791 923 4859 grossiorem
944 4791 1016 4843 facien
1036 4789 1204 4842 intellectum.
