4125 5217
808 396 842 447 u
863 394 1052 446 sacoucusr
1076 396 1208 446 nanum
1596 390 1655 463 191

370 655 430 739 est)
450 654 500 718 sed
519 656 594 717 euim
615 663 686 718 loces
705 657 813 740 priora,
829 676 880 718 seu
902 654 991 718 rerba
1005 675 1065 739 que
1078 655 1176 719 dicere
1191 656 1388 739 proposuisti3
1402 675 1471 739 que,
1486 676 1537 718 seu
1554 657 1659 739 prima,

371 754 518 839 petebam,
540 755 614 817 idest
635 755 736 818 audire
758 753 909 830 volebam;
925 775 977 817 seu
997 774 1057 838 que
1078 775 1145 837 spes
1166 775 1294 830 summa,
1316 754 1390 816 idest
1406 757 1545 828 maxima,
1567 756 1660 816 nutrit

372 869 439 917 tuos
459 874 587 931 aanores,
608 854 684 917 idest
704 855 816 916 inducit
838 875 870 916 se
890 854 926 916 ad
949 874 996 917 nte
1017 854 1233 916 atstandutui-
1252 861 1398 939 pretereo:
1420 854 1593 918 Notandum
1615 868 1660 915 est

371 954 451 1036 quod
472 956 535 1038 ipse
555 967 643 1016 autor
663 968 797 1037 tempore
817 951 1017 1015 adolescentie
1038 955 1190 1035 succepit
1214 973 1314 1016 aurare
1344 953 1497 1016 dominam
1518 951 1661 1027 lauream,

372 1066 401 1114 et
423 1054 452 1114 in
473 1052 578 1114 codem
599 1066 733 1134 tempore
754 1054 832 1134 cepit
854 1052 972 1114 studere
993 1053 1022 1113 in
1045 1053 1126 1134 poesi
1149 1068 1178 1113 et
1200 1052 1343 1135 scruptarj
1367 1067 1469 1135 poetas
1490 1067 1519 1113 et
1538 1071 1662 1134 querere

372 1167 401 1213 et
421 1151 560 1213 affectare
580 1170 722 1214 coronam
750 1149 901 1226 lauream3
924 1165 963 1225 et,
984 1171 1054 1212 curu
1087 1152 1149 1234 ipse
1176 1151 1253 1213 hauc
1275 1149 1436 1234 egloglram
1457 1152 1661 1233 componeret,

373 1248 432 1312 tres
452 1248 547 1325 lustri,
569 1250 643 1313 idest
664 1250 833 1333 quindecim
863 1250 932 1311 anni
964 1251 1159 1331 preterierunt
1181 1244 1324 1334 posquam
1352 1265 1471 1334 ceperat
1491 1270 1591 1312 amare
1611 1250 1662 1311 do

372 1351 483 1412 minam
505 1348 635 1411 lauream
657 1363 686 1412 et
714 1348 833 1410 studere
854 1363 883 1410 et
910 1348 1050 1411 affectare
1078 1348 1224 1412 ltonorem
1246 1334 1355 1412 lauree.
1377 1351 1417 1412 ita
1449 1350 1511 1433 ipse
1531 1350 1573 1411 sic
1595 1369 1660 1410 eam

373 1448 481 1529 incepit
501 1445 632 1530 alloqui:
663 1455 800 1532 pretereo,
822 1446 897 1509 idest
919 1449 1120 1530 pretenuicto,
1146 1469 1317 1533 quecumque
1338 1469 1400 1510 uuo
1425 1455 1540 1533 periura
1560 1446 1664 1510 siluere

373 1544 464 1607 tribus
485 1544 585 1608 lustris
606 1543 716 1630 iugeulj
735 1544 791 1625 fide
801 1566 812 1618 ;
834 1567 902 1607 nam
925 1548 954 1607 in
976 1542 1041 1629 ipso
1070 1548 1174 1609 eodem
1203 1562 1347 1630 tempore,
1368 1568 1438 1609 cum
1467 1549 1530 1631 ipse
1550 1562 1663 1609 amaret

373 1646 524 1708 dominam
546 1644 687 1721 lauream,
711 1667 770 1708 raon
791 1645 918 1707 audebat
938 1645 978 1708 ob
1000 1650 1150 1723 timorem,
1173 1641 1227 1709 sel
1247 1641 1301 1709 ¹ob¹
1321 1640 1530 1709 'uerecundiam
1551 1646 1661 1729 aliquid

372 1747 409 1808 de
430 1748 492 1829 ipsa
513 1747 572 1829 sitj,
592 1746 729 1828 passione
750 1746 896 1828 explicare
918 1762 1038 1830 propter
1057 1746 1245 1809 altitudinem
1261 1747 1352 1830 ipsius
1369 1747 1490 1809 domine
1505 1746 1618 1822 laurec;
1633 1761 1663 1807 et

373 1845 508 1908 similiter
527 1844 645 1908 occulte
665 1844 803 1907 studebat
823 1843 862 1906 ob
884 1847 1021 1908 timorem
1044 1849 1145 1930 patris,
1159 1848 1210 1930 qui
1233 1845 1351 1908 solebat
1372 1848 1470 1929 ipsum
1491 1846 1610 1909 studere
1634 1846 1662 1906 in

374 1944 509 2029 legibus3
530 1960 559 2007 et
580 1958 647 2028 post
668 1946 758 2027 patris
780 1959 908 2007 mortem
936 1948 1025 2008 etiam
1057 1946 1116 2008 hoc
1146 1945 1265 2008 occulte
1297 1943 1432 2020 iaciebat,
1459 1944 1528 2029 qula
1555 1965 1663 2021 ¹omnes

373 2043 543 2107 deridebant
563 2064 642 2106 curta.
664 2033 742 2106 Natu
763 2042 819 2105 laec
842 2064 887 2105 res
909 2046 1080 2131 nqsissima,
1108 2060 1254 2128 quantum
1282 2045 1319 2107 ad
1341 2042 1489 2128 vulgares,
1509 2043 1665 2139 ridebatur

375 2164 432 2205 una
453 2142 591 2220 fatuitas3
614 2157 643 2206 et
664 2163 717 2225 per
737 2143 794 2206 hoc
818 2158 936 2227 tempus
957 2146 1084 2207 amando
1099 2159 1128 2208 et
1150 2145 1296 2208 studendo
1311 2146 1498 2228 passionatus
1518 2163 1620 2206 amore
1635 2160 1663 2206 et

373 2243 519 2306 desiderio
540 2245 642 2319 tacito,
663 2243 811 2320 discurrit,
833 2245 927 2306 donec
949 2243 1017 2306 fecit
1039 2259 1188 2328 utrunque
1209 2244 1398 2318 desiderium,
1420 2258 1450 2305 et
1465 2243 1613 2306 laureatus
1635 2258 1665 2305 et

373 2341 411 2404 ab
434 2344 494 2424 ipsa
515 2343 636 2406 domina
658 2342 756 2406 laurea
778 2343 930 2406 curialiter
950 2359 979 2406 et
1000 2344 1264 2407 honesteamatus
1286 2364 1345 2405 non
1366 2343 1406 2406 ob
1428 2342 1600 2416 lasciviam,
1613 2341 1664 2403 sed

373 2441 413 2505 ob
434 2445 575 2506 virtutem
597 2444 689 2525 ipsius
711 2443 856 2526 francisci,
871 2446 921 2528 qui
944 2445 1038 2507 multa
1054 2444 1187 2527 uulgaria
1209 2443 1279 2506 iecit
1301 2459 1330 2506 et
1352 2445 1449 2506 ritirna
1471 2444 1510 2506 ob
1531 2462 1664 2504 amorem

376 2545 467 2626 ipsius
487 2543 617 2620 domine,
638 2562 696 2626 que
717 2543 869 2625 diuulgata
898 2559 967 2606 sunt
995 2565 1048 2628 per
1075 2560 1170 2606 totana
1199 2545 1382 2627 provinciam
1414 2559 1444 2605 et
1464 2542 1587 2605 italiana.
1608 2538 1666 2620 hijs

374 2643 513 2716 dimissis,
534 2643 606 2705 dicit
628 2663 719 2725 ergo:
743 2644 876 2705 ‘Pretereo
901 2663 1063 2727 quernaque
1090 2664 1152 2704 uteo
1181 2651 1295 2728 pectora
1325 2642 1429 2705 siluere
1457 2640 1548 2703 leilrrrs
1568 2641 1667 2702 luslu's

375 2746 483 2827 iugeuli
496 2742 566 2827 fide,
587 2746 656 2827 quia
679 2742 804 2821 fideliter
823 2742 994 2826 diligebam,
1017 2764 1070 2805 nec
1091 2744 1162 2825 quid
1184 2743 1328 2805 audebam
1350 2743 1464 2817 dicere3
1480 2757 1509 2804 et
1531 2757 1666 2824 pretereo

375 2840 490 2905 laterales
510 2845 639 2927 grauidas,
660 2863 719 2927 que
740 2845 769 2905 in
790 2858 893 2925 aperto
914 2863 973 2904 non
995 2842 1141 2904 audebam
1163 2844 1339 2925 exprimere,
1360 2862 1418 2926 que
1438 2842 1468 2903 in
1486 2843 1587 2903 animo
1609 2862 1667 2922 ge-

377 2943 495 3019 rebanr;
516 2950 542 3004 el
561 2942 663 3027 vigiles
684 2950 782 3015 eracles,
803 2944 872 3025 quia
893 2957 1027 3004 amantes
1049 2944 1078 3003 in
1100 2940 1238 3004 noctibas
1260 2955 1413 3024 gementes
1435 2955 1464 3002 et
1485 2942 1666 3021 suspirantes

375 3044 488 3104 circum
500 3043 683 3123 secabunt,
697 3042 743 3104 sel
755 3043 835 3120 dicit:
850 3043 980 3126 «vigiles
992 3062 1048 3104 noc
1061 3057 1105 3104 tes
1115 3068 1142 3117 s,
1156 3042 1230 3104 idest
1241 3042 1387 3104 studendo
1402 3061 1455 3124 pro
1471 3043 1532 3124 ipsa
1545 3043 1666 3102 seientia

376 3141 572 3224 adipiscenda.
595 3158 624 3205 et
645 3158 779 3226 pretereo
801 3163 833 3204 ea
854 3142 984 3227 plruiuro
1006 3163 1058 3225 que
1079 3143 1188 3204 iuruilis
1210 3163 1293 3203 orrror
1306 3162 1396 3203 secuut
1412 3141 1483 3225 seri,
1498 3141 1566 3202 ‹irrru
1580 3142 1668 3209 ser-iu

377 3260 445 3302 nam
477 3241 539 3323 ipsa
560 3243 669 3303 amoris
691 3244 788 3325 passio
810 3241 968 3324 aliquando
996 3243 1026 3303 in
1056 3256 1172 3303 tautum
1205 3242 1290 3315 serit,
1311 3240 1391 3324 quod
1414 3238 1616 3301 intollerabilis
1638 3255 1668 3299 et

377 3342 460 3421 quasi
482 3343 631 3405 consortia
653 3343 757 3403 mortis
778 3341 824 3424 (et
844 3341 902 3403 hoc
924 3356 1069 3423 quantum
1091 3340 1127 3401 ad
1149 3341 1300 3402 dominam
1317 3338 1464 3422 lauream)
1480 3338 1526 3401 rel
1548 3339 1668 3399 deside-

378 3439 454 3500 rium
475 3439 567 3520 ipsius
588 3440 711 3500 scientie
731 3438 890 3521 aliquando
912 3438 1051 3501 infestum
1073 3454 1118 3502 est
1140 3453 1169 3500 et
1190 3437 1342 3499 assiduum
1366 3438 1476 3510 studio,
1497 3434 1576 3519 quod
1600 3457 1668 3517 sepe

377 3535 490 3599 inducit
511 3537 678 3599 studentem
694 3552 724 3598 et
738 3539 945 3599 immemorem
967 3557 1033 3599 esse
1051 3552 1080 3599 et
1101 3537 1189 3618 studii
1206 3535 1274 3618 cibj,
1289 3550 1377 3618 potus
1392 3550 1421 3597 et
1439 3534 1596 3605 donnitus,
1611 3555 1669 3616 que

377 3638 477 3700 onmia
498 3652 633 3699 naturam
654 3635 818 3713 debilitant,
833 3651 922 3719 prout
942 3636 1045 3698 multis
1067 3634 1271 3721 phylosoplays
1285 3634 1444 3716 aliquando
1460 3636 1567 3696 euenit.
1581 3668 1592 3680 ·
1607 3654 1669 3715 qur,

377 3755 429 3796 seu
451 3738 560 3812 onmia,
581 3737 639 3797 siul
659 3735 772 3819 aliquid
787 3736 866 3820 forle
886 3736 977 3818 (idest
999 3756 1059 3797 non
1074 3737 1178 3797 sintin
1193 3735 1273 3817 toto)
1288 3736 1396 3796 amissa
1412 3733 1540 3816 benigno
1562 3733 1669 3805 iudice,

378 3834 453 3897 idest
474 3834 600 3917 benigna
621 3850 651 3896 te
672 3836 830 3897 iudicante.
844 3870 854 3881 ·
869 3843 960 3896 lourcu
975 3833 1022 3895 hee
1042 3836 1170 3897 siuourus
1182 3833 1309 3918 periisse,
1325 3833 1399 3895 idest
1414 3833 1548 3894 dicamus
1569 3832 1671 3892 omnia

378 3935 474 3995 inania
503 3948 532 3995 et
553 3955 628 3995 vana
650 3955 725 4009 esse,
746 3954 780 3995 ea
802 3954 860 4016 que
885 3935 1025 4017 preterita
1053 3950 1122 3996 sunt
1151 3950 1181 3995 et
1208 3953 1313 3994 ornnes
1341 3952 1424 3994 aracos
1446 3931 1572 3994 labores.
1592 3966 1603 3978 -
1624 3932 1671 3991 Sic

377 4035 441 4103 erit,
463 4048 550 4115 prout
571 4035 684 4116 cogito,
705 4054 757 4095 scu
780 4032 894 4095 labores
916 4054 1000 4095 rateos
1021 4035 1157 4109 amissos,
1179 4036 1247 4115 quia
1269 4053 1328 4094 non
1350 4030 1465 4094 curabit
1480 4052 1528 4092 me
1542 4031 1597 4092 hcc
1619 4030 1669 4092 diu

378 4131 490 4195 tulisse.
512 4135 577 4194 Hoc
598 4134 670 4195 dicit
691 4147 811 4216 propter
832 4134 1029 4195 constantiam
1053 4135 1144 4215 ipsius
1165 4133 1285 4194 domine
1306 4131 1415 4207 lauree,
1436 4132 1505 4214 quia
1526 4150 1587 4191 non
1609 4144 1670 4191 erat

377 4232 457 4315 quod
478 4252 544 4294 eam
564 4232 684 4295 flectere
706 4248 806 4316 posset
827 4254 843 4294 a
867 4249 947 4295 recto
970 4235 1089 4296 tramite
1111 4233 1271 4316 pudicitie3
1294 4231 1340 4293 rel
1361 4232 1432 4293 dicit
1458 4246 1579 4313 propter
1599 4229 1671 4291 alti-

377 4333 511 4395 tudinem
533 4348 562 4394 et
583 4332 790 4394 excellentiam
813 4334 904 4415 ipsius
926 4335 1059 4408 scientie,
1081 4335 1161 4415 quia,
1183 4334 1206 4394 si
1235 4333 1404 4413 desperaret
1432 4351 1519 4413 puisse
1541 4330 1576 4390 ad
1600 4349 1671 4411 per-

377 4428 516 4493 ictionem
537 4434 649 4507 uenire,
671 4448 701 4494 et
720 4432 800 4514 quod
823 4431 940 4506 iecerat,
963 4431 1070 4493 frustra
1092 4430 1218 4492 iecisset.
1239 4464 1259 4476 -
1285 4431 1352 4490 l'itu
1374 4428 1471 4491 lrrlrril
1491 4430 1579 4489 rsticlu'
1602 4427 1670 4488 lrrles

377 4529 495 4603 Iobares,
517 4532 591 4593 idest
613 4533 723 4594 inatres.
745 4567 765 4578 -
787 4532 840 4593 lsle
856 4533 956 4616 fruar,
978 4553 1030 4594 seu
1051 4533 1162 4592 amoris
1180 4530 1277 4605 ardor,
1299 4529 1345 4591 rel
1367 4530 1515 4611 cupiditas
1537 4528 1670 4599 scientie,

376 4624 465 4693 fuerit
484 4630 600 4693 debitus
624 4633 740 4693 incaute
762 4633 892 4706 iacente,
915 4632 989 4694 idest
1017 4629 1181 4692 debebatur
1208 4630 1301 4692 michi
1322 4632 1460 4698 incauto,
1473 4629 1562 4685 unde
1586 4627 1686 4698 usee-

381 4745 449 4815 ptus
471 4751 547 4794 sum.
568 4766 579 4778 ·
600 4730 678 4793 baud
699 4730 790 4817 (idest
812 4732 889 4821 non)
912 4732 1039 4798 caruisse
1061 4730 1165 4804 tulius,
1183 4730 1273 4815 quob
1285 4726 1467 4811 emmaum
1481 4722 1727 4797 quassatam
