4125 5217
186 3011 193 3023 .
209 2994 247 3032 ²⁰⁵
256 3005 263 3013 ·
272 2994 312 3022 aaa

380 393 445 461 234
879 390 1030 440 auromo
1054 390 1161 439 atsur

381 654 520 716 libertum
543 652 711 736 placentem
733 653 896 727 numiano,
919 648 1030 734 populo
1057 652 1108 735 qui
1130 652 1247 734 scripsit
1275 649 1383 713 librum
1405 650 1529 713 odarum
1552 665 1582 714 et
1602 672 1673 714 car·

382 755 497 817 minum
521 768 549 816 et
571 752 629 816 hoc
652 767 740 814 cantu
762 773 826 814 suo.
842 750 893 814 sed
914 752 1048 836 sequitur
1069 771 1189 814 orimus
1204 750 1241 812 de
1263 749 1411 826 sulmone,
1425 751 1541 814 ovidius
1561 750 1673 814 ·dico·

381 857 495 931 iocans,
517 853 592 916 idest
614 852 741 916 iocunde
762 851 892 914 scribens
914 867 944 913 et
971 849 1131 913 osteudens
1153 851 1247 933 digito
1269 850 1390 934 longam
1411 850 1529 913 turbam
1550 850 1675 914 latenter

385 970 561 1038 poetarum;
589 952 665 1015 idest
694 966 818 1015 conatus
839 966 884 1013 est
906 951 1060 1012 nominare
1082 948 1195 1012 multos
1224 965 1344 1034 poetas,
1365 970 1493 1035 quorum
1516 949 1592 1012 lama
1613 965 1675 1014 erat

384 1057 443 1116 iam
467 1052 622 1124 absconsa,
645 1068 673 1114 et
695 1051 854 1113 osteudens
883 1071 953 1113 cum
981 1071 1077 1133 penna
1100 1049 1220 1133 longam
1243 1050 1358 1112 turbam
1385 1066 1549 1133 poetarum.
1571 1064 1600 1111 et
1621 1051 1675 1112 iste

385 1154 502 1216 osidius
525 1153 650 1215 tentarit
673 1151 778 1213 frustra
800 1152 913 1235 aperire
928 1166 958 1213 et
980 1151 1135 1212 nominare
1155 1164 1185 1211 et
1206 1148 1281 1212 ferre
1302 1149 1412 1212 lainam
1433 1150 1528 1232 poetis
1548 1169 1675 1234 quorum

386 1251 463 1315 latria
486 1273 547 1313 non
573 1266 670 1335 potest
694 1251 823 1334 reperirj,
845 1265 874 1312 et
890 1249 953 1337 ltoc
982 1264 1103 1333 propter
1130 1247 1292 1324 tenebram,
1313 1249 1389 1311 idest
1416 1246 1599 1311 oblivionem
1619 1267 1677 1332 que

386 1350 566 1414 obscurabat
587 1351 659 1412 istos
681 1366 813 1433 poetas...
828 1386 848 1397 -
863 1365 892 1413 et
906 1349 1045 1412 describit
1064 1348 1155 1410 alium
1177 1364 1307 1432 poetam,
1321 1369 1373 1411 seu
1389 1368 1591 1426 rnossasutss
1611 1347 1677 1411 ideo

386 1452 478 1514 dicit:
502 1472 578 1513 unus
601 1451 630 1512 in
652 1450 709 1512 hoc
739 1469 864 1512 nutriero
895 1465 1051 1533 poetarum
1081 1449 1209 1532 gaudere
1231 1447 1378 1510 sefacere
1406 1465 1526 1532 poetam
1546 1449 1576 1510 in
1596 1445 1678 1510 fonte

389 1571 562 1627 rriusarum3
583 1551 699 1633 scripsit
721 1564 836 1634 satyros
861 1547 997 1612 aristoter
1018 1570 1134 1611 amasse
1155 1548 1267 1633 puellas
1289 1548 1424 1611 iontium.
1445 1582 1466 1596 -
1487 1562 1517 1610 ct
1541 1546 1678 1611 describit

388 1650 491 1726 alium,
506 1670 558 1711 seu
578 1669 746 1713 noxiustu
769 1665 897 1733 poetam,
919 1650 969 1734 qui
991 1649 1136 1731 asumpsit
1157 1647 1211 1710 sibi
1234 1648 1398 1711 describere
1419 1668 1535 1711 amores
1555 1646 1679 1710 deorum

389 1751 574 1811 marinorum
596 1763 627 1811 et
647 1748 771 1810 deorum
794 1764 1027 1825 montanorum3
1048 1748 1115 1810 ideo
1136 1748 1226 1810 dicit:
1256 1762 1285 1809 et
1313 1748 1397 1810 Alius
1425 1763 1512 1831 poeta
1535 1761 1679 1809 memorat

388 1849 460 1912 deos
482 1850 613 1911 marinos
635 1863 769 1911 cantasse
791 1864 893 1910 nostro
914 1848 1057 1923 caterine,
1075 1868 1127 1910 seu
1150 1845 1252 1909 latino.
1273 1847 1331 1910 hoc
1353 1846 1430 1910 ultra
1452 1845 1584 1909 solitum.
1605 1845 1679 1909 alius

391 1962 489 2031 poeta,
511 1968 563 2009 seu
586 1963 756 2023 montanus,
767 1949 817 2031 qui
839 1948 970 2009 vicissim
991 1945 1088 2009 aiebat
1109 1966 1228 2009 cannen
1254 1962 1441 2023 montanum,
1452 1945 1615 2029 disparibus
1635 1966 1681 2009 ca·

390 2046 486 2123 lamis,
500 2067 552 2108 seu
570 2048 702 2109 carmine
717 2062 918 2130 pentrametro
940 2063 969 2109 et
984 2063 1146 2109 esantetro.
1158 2082 1169 2094 ·
1183 2063 1213 2110 et
1227 2046 1364 2109 describit
1379 2045 1470 2109 alium
1485 2062 1615 2130 poetaram
1628 2067 1680 2110 seu

391 2147 573 2229 Appianum,
595 2144 777 2228 (orniasuu)
798 2148 849 2228 qui
873 2145 978 2208 habuit
999 2147 1164 2209 maximum
1186 2148 1342 2230 premium.
1365 2146 1430 2209 ideo
1451 2146 1538 2208 dicit:
1560 2144 1680 2231 [liuica

391 2244 482 2327 longe
498 2260 623 2327 possunt
638 2244 785 2327 predictos
799 2246 849 2328 qui
865 2244 1003 2307 describit
1019 2266 1159 2308 numeros
1175 2247 1299 2330 piscium
1315 2261 1343 2308 et
1359 2244 1435 2307 bella
1447 2261 1475 2307 et
1486 2244 1542 2308 alia
1557 2247 1681 2330 piscium

390 2359 419 2407 et
442 2343 537 2406 iactus
558 2344 721 2406 ditissimus
749 2346 779 2405 in
801 2344 920 2422 Alcica3
943 2345 1009 2408 ideo
1030 2346 1102 2408 dicit
1114 2344 1136 2429 a]
1158 2346 1232 2407 alius
1254 2347 1422 2408 carissimus
1443 2346 1599 2409 affricanus
1622 2366 1682 2408 nu-

391 2464 508 2506 merans
531 2445 625 2526 pisces
648 2445 678 2505 in
699 2444 799 2506 allrica
823 2461 852 2506 et
872 2466 964 2527 agens
986 2466 1114 2529 pennam
1136 2466 1267 2522 auream,
1278 2445 1353 2508 idest
1374 2445 1573 2530 eloquentiam
1587 2464 1681 2521 suant,

390 2562 449 2626 que
470 2542 612 2605 mouebat
634 2542 767 2626 linguam
790 2565 920 2606 auream.
942 2544 992 2606 ille
1013 2561 1118 2607 cantus
1147 2543 1236 2607 herba
1258 2546 1354 2622 viridi,
1375 2566 1427 2608 seu
1448 2544 1596 2625 denatrius
1617 2544 1681 2626 (sir)

391 2643 529 2725 piscium.
545 2678 564 2689 -
579 2659 608 2704 et
624 2642 762 2706 describit
777 2643 880 2720 alium,
891 2667 943 2706 seu
960 2666 1037 2708 scas
1060 2662 1157 2728 poeta,
1172 2646 1222 2730 qui
1237 2645 1376 2708 describit
1390 2645 1426 2707 de
1441 2646 1560 2707 natione
1574 2644 1682 2707 llorum
1722 2680 1724 2684 ·

392 2758 421 2804 et
445 2762 589 2803 rosarum.
612 2742 678 2805 iden
701 2743 791 2812 dicit:
814 2742 889 2805 alius
911 2744 959 2807 lic
981 2765 1104 2829 carpens
1126 2746 1251 2808 rubeum
1272 2745 1454 2823 cellararium
1476 2760 1506 2807 et
1526 2744 1585 2808 lilia
1606 2743 1693 2823 alba,.

353 2885 357 2894 ·
392 2856 464 2903 tunc
487 2840 629 2924 iungebat
650 2840 738 2904 simul
761 2842 872 2905 multos
894 2843 992 2905 flores.

468 2943 534 3024 Ego
549 2940 675 3004 libenter
688 2958 823 3026 pretereo
838 2942 932 3006 multa
948 2959 977 3006 et
993 2960 1111 3006 transeo
1125 2945 1197 3007 alios
1213 2962 1325 3030 poetas,
1336 2961 1366 3008 et
1381 2946 1477 3028 primo
1488 2944 1524 3007 ad
1535 2964 1682 3009 rtuuttt'tt

392 3040 443 3123 qui
466 3039 600 3124 deplorat
621 3040 738 3103 dolores
760 3044 880 3104 amoris.
893 3043 960 3105 ideo
981 3042 1072 3105 dicit:
1095 3043 1145 3107 ille
1158 3065 1252 3129 quem
1262 3060 1419 3129 paupertas
1433 3065 1536 3107 secura
1557 3043 1683 3108 deiectat

391 3137 539 3221 [studium
560 3144 712 3222 poeticum
734 3142 897 3227 stringens]
920 3141 1009 3225 longa
1025 3146 1149 3226 suspiria
1172 3143 1262 3228 longo
1284 3160 1374 3208 cantu
1390 3162 1419 3208 et
1434 3145 1561 3208 delectat
1575 3166 1623 3207 me
1643 3160 1683 3205 te·

393 3252 515 3298 nentem
538 3253 612 3300 tuta.
635 3256 665 3301 et
686 3240 824 3304 describit
845 3242 948 3318 alium,
963 3263 1015 3304 seu
1039 3262 1163 3319 natatur,
1186 3246 1247 3306 siue
1273 3265 1401 3320 cattus«,
1419 3246 1470 3327 qui
1492 3243 1546 3306 luit
1567 3245 1607 3306 ita
1628 3244 1683 3306 dis·

393 3335 510 3398 solutus
532 3338 612 3420 quod
642 3339 878 3423 conquerebatur
898 3343 935 3404 de
963 3341 1079 3405 luxuria
1108 3343 1220 3426 perdita
1248 3345 1279 3406 in
1307 3360 1479 3420 senectute3
1508 3359 1537 3405 et
1564 3342 1682 3426 plorans

392 3433 547 3497 tlattnnam
568 3441 678 3501 amoris
699 3443 781 3525 quasi
805 3461 911 3524 penam
928 3457 957 3504 et
979 3459 1180 3519 tonnentum;
1197 3458 1226 3505 et
1247 3444 1304 3505 ltoc
1320 3445 1451 3506 carmine
1466 3459 1495 3506 et
1516 3442 1565 3506 ille
1585 3442 1683 3526 deplo-

394 3557 459 3598 rans
475 3552 609 3619 tempora
625 3537 675 3601 lati
698 3542 854 3624 properati.
869 3576 889 3587 -
904 3556 933 3603 et
949 3540 1088 3603 describit
1102 3542 1194 3604 alium
1210 3558 1339 3626 poetam,
1353 3564 1405 3604 seu
1421 3563 1617 3619 retorsimus,
1631 3543 1681 3626 qui

391 3635 547 3718 descripsit
566 3637 602 3698 de
625 3640 745 3700 materia
767 3660 903 3701 amorosa
921 3656 949 3703 ct
971 3662 1050 3703 nunc
1065 3642 1199 3725 queritur
1212 3643 1249 3704 de
1263 3644 1357 3704 amica
1373 3658 1403 3704 et
1425 3664 1503 3705 nunc
1526 3641 1681 3704 blanditur.

391 3736 458 3797 ideo
479 3736 570 3799 dicit:
593 3751 622 3798 et
644 3736 717 3799 alius
739 3741 905 3822 propertius
927 3742 1028 3802 ntiuas
1051 3756 1081 3802 et
1103 3741 1225 3804 blandus
1246 3744 1341 3805 amice
1362 3763 1415 3804 sue
1436 3741 1559 3803 dubium
1580 3755 1624 3802 est
1643 3762 1681 3802 an

391 3851 468 3897 esset
491 3855 643 3910 romanus,
665 3836 778 3914 umber,
800 3838 875 3901 idest
903 3839 940 3900 de
961 3839 1039 3901 valle
1059 3841 1243 3922 spolentina;
1256 3856 1295 3903 -et
1316 3840 1434 3904 subdit:
1458 3856 1556 3903 tanaen
1577 3837 1683 3902 umber

390 3948 464 3995 erat.
480 3969 499 3980 -
515 3937 552 3997 Et
574 3934 713 3997 describit
733 3937 824 3999 alium
846 3955 976 4021 poetam,
995 3960 1047 4000 seu
1071 3960 1241 4003 rurus'mnst
1263 3942 1312 4024 qui
1335 3939 1390 4002 luit
1410 3940 1593 4024 denaquin03
1615 3939 1681 4001 ideo

390 4033 479 4095 dicit:
503 4032 587 4109 alius,
604 4033 744 4098 latriosior
764 4036 838 4113 aliis,
852 4040 983 4100 occurrit
1005 4039 1096 4100 michi
1112 4061 1127 4100 a
1143 4038 1255 4100 lluuiali
1276 4040 1397 4123 aquino,
1411 4040 1461 4123 qui
1484 4054 1526 4099 est
1549 4037 1681 4100 turbidus

390 4149 524 4216 aspectu,
546 4134 621 4196 idest
642 4135 710 4197 stilo
732 4153 761 4199 et
783 4158 867 4221 asper
887 4139 1061 4199 strumentis
1091 4138 1246 4214 mralibus,
1269 4139 1343 4200 idest
1365 4137 1462 4200 verbis
1491 4138 1590 4220 ipsius.
1611 4150 1681 4198 -et

390 4231 530 4295 describit
560 4233 669 4309 alium,
685 4256 736 4297 seu
759 4258 915 4313 maurusi,
937 4239 987 4320 qui
1010 4238 1164 4320 descripsit
1186 4239 1215 4299 iu
1237 4239 1371 4300 comedia
1394 4253 1423 4299 et
1443 4238 1498 4300 fuit
1521 4256 1631 4319 pauper
1652 4250 1681 4297 et

392 4349 491 4394 tamen
514 4334 668 4415 ingenium
692 4337 753 4396 eius
775 4350 818 4396 est
840 4337 1003 4418 perspicax,
1026 4336 1105 4420 quod
1134 4335 1332 4419 compellebat
1351 4335 1388 4397 ad
1416 4336 1526 4421 aliquid
1546 4334 1681 4397 scriben-

390 4433 472 4493 tlmu.
496 4433 562 4493 ideo
584 4433 675 4495 dicit:
698 4433 772 4494 alius
793 4436 940 4511 occurrit,
962 4437 1010 4497 cui
1034 4451 1095 4497 erat
1120 4457 1230 4518 pauper
1252 4438 1357 4512 restis,
1379 4437 1429 4519 qui
1451 4435 1568 4497 visebat
1595 4436 1680 4516 inops

391 4548 419 4591 et
441 4531 605 4594 dillicilime
627 4532 796 4595 lucrabatur
816 4554 944 4616 pauem;
973 4551 1072 4597 tanteu
1095 4534 1230 4598 alacriter
1258 4534 1381 4598 canebat
1404 4551 1433 4597 et
1459 4534 1525 4596 ideo
1547 4533 1680 4596 turbatus

390 4629 474 4691 utillo
497 4630 606 4693 labore.
628 4668 647 4677 -
673 4636 825 4696 Proliims:
854 4635 901 4697 hic
924 4637 1058 4696 norninat
1080 4634 1154 4696 duos
1176 4634 1259 4711 alios,
1281 4657 1332 4697 seu
1355 4655 1477 4711 usnimi,
1498 4650 1680 4711 rutruu;-et

388 4731 461 4794 dicit
484 4754 518 4793 es
542 4735 596 4795 ista
624 4755 714 4817 parva
743 4736 863 4798 ciuitate
884 4735 941 4797 due
970 4755 1079 4819 magne
1100 4735 1236 4813 arbores,
1258 4756 1316 4820 que
1344 4734 1505 4820 tangebant
1527 4734 1678 4811 celum,a
1743 4749 1746 4754 '
1813 4745 1817 4751 '
