4125 5217
870 420 901 470 n
923 419 1112 469 uecoracun
1136 421 1266 471 canunt·
1649 402 1709 494 187

427 682 478 759 ita,
498 702 567 745 cunt
593 683 659 767 quis
679 682 905 758 verecundatur,
927 682 1026 745 delicit
1049 684 1078 744 in
1100 684 1351 767 pronuntiatione,
1372 703 1443 746 cunt
1466 706 1524 746 rnx
1546 683 1661 763 deficit;
1683 700 1712 749 et

428 781 562 845 accidens
582 783 733 866 sepissime
760 783 878 857 accidit,
899 804 968 845 cunr
996 798 1130 845 amantes
1151 804 1182 844 se
1207 784 1236 845 in
1259 785 1403 867 presentia
1419 804 1450 846 se
1477 785 1623 868 redigunt.
1645 821 1663 834 ·
1677 788 1715 848 sit

431 882 572 966 respirare
595 890 761 967 parumper,
783 882 857 944 idest
886 883 988 965 porige
1010 882 1101 945 unichi
1129 881 1355 968 aliquantullunt
1385 883 1507 946 audacie
1528 899 1557 946 et
1585 886 1713 949 concede

430 1003 477 1045 nte
497 981 588 1066 loqui.
609 1016 620 1030 ·
641 983 718 1043 Nona
738 983 782 1043 vis
801 982 903 1043 insidit
924 988 950 1043 el
970 981 1052 1044 riolrrs
1072 989 1187 1053 cessant,
1202 1004 1254 1045 seu
1278 985 1341 1066 ipsa
1363 981 1459 1045 fabula
1483 984 1568 1067 pirebj
1592 999 1620 1047 et
1635 985 1714 1048 dant·

431 1103 510 1167 pnes.
531 1083 638 1146 dicitur
666 1081 795 1166 phebunr
816 1101 930 1142 amasse
956 1082 1083 1165 dapnem
1107 1081 1216 1143 lasciuo
1232 1083 1356 1165 impetu,
1377 1098 1407 1145 et
1430 1082 1547 1146 solebat
1572 1104 1636 1147 eam
1657 1085 1714 1147 de-

431 1184 577 1267 virginare
606 1197 636 1244 et
667 1186 748 1266 post'
764 1200 865 1263 proces
896 1181 1050 1243 insidiosas
1073 1179 1191 1244 solebat
1213 1184 1272 1244 tint
1306 1181 1421 1259 inferre,
1443 1204 1512 1246 cunt
1544 1185 1573 1246 in
1599 1183 1712 1247 laurum

431 1297 544 1345 mutata
565 1296 661 1358 esset;
681 1300 740 1365 que
759 1296 828 1343 ante
850 1283 1046 1344 mutationem
1068 1282 1097 1343 in
1126 1278 1252 1357 laurum,
1275 1303 1385 1363 magno
1407 1303 1517 1366 patore
1530 1304 1655 1368 >semper
1674 1284 1715 1347 lu·

431 1381 530 1468 giebat
561 1379 700 1466 plaebuna,
721 1383 828 1443 timens
860 1402 924 1443 cam
947 1401 984 1442 ne
1015 1382 1174 1455 occideret,
1194 1401 1252 1465 que
1274 1380 1387 1465 phebus
1410 1380 1536 1444 solebat.
1558 1382 1624 1445 ideo
1654 1386 1714 1447 ait:

431 1483 535 1567 depone
552 1491 697 1568 pavorem,
719 1481 793 1543 idest
808 1479 868 1544 nttli
889 1483 1003 1557 timere,
1025 1502 1094 1542 nant
1116 1482 1179 1542 sine
1199 1481 1269 1543 dolo
1291 1495 1322 1544 et
1341 1482 1405 1544 sine
1426 1482 1454 1544 ri
1477 1483 1564 1545 senio
1576 1506 1585 1560 ;
1607 1503 1666 1545 non
1687 1498 1717 1546 te

432 1603 540 1668 sequor
559 1584 636 1645 sicut
656 1580 769 1665 phebus
790 1596 908 1643 secutus
931 1596 984 1644 est.
1001 1595 1044 1657 tu,
1059 1579 1174 1657 sedens,
1188 1581 1333 1666 diugnare
1348 1597 1465 1644 nostros
1477 1583 1579 1646 andire
1593 1580 1718 1660 labores,

433 1682 507 1746 idest
521 1683 716 1746 intentionenr
727 1683 858 1743 nirs'trant
874 1698 902 1743 et
918 1681 1049 1742 studium
1065 1697 1210 1756 nostrum,
1222 1702 1313 1767 quent
1330 1680 1486 1744 ananre'iui
1499 1684 1638 1767 sequeris.
1652 1684 1718 1748 Res·

433 1782 543 1867 pondet
555 1781 701 1865 dampnet
717 1782 793 1843 Fan
806 1783 906 1865 igitur,
920 1780 1041 1865 loquere
1055 1796 1084 1842 et
1099 1797 1250 1844 memento
1272 1782 1395 1856 irenare,
1410 1781 1485 1844 idest
1505 1803 1522 1843 a
1544 1797 1573 1845 te
1595 1785 1719 1845 retinere

434 1882 554 1965 cupidas
575 1902 699 1956 nannus;
720 1881 794 1943 idest
814 1882 854 1942 sis
875 1879 1028 1955 honestus,
1050 1901 1105 1943 nec
1126 1882 1220 1943 nimio
1241 1882 1344 1964 inpetu
1363 1880 1438 1942 velis
1459 1879 1496 1941 ad
1517 1879 1546 1942 id
1568 1883 1720 1964 pervenire

433 1980 513 2066 qnod
543 1981 626 2063 cupis
656 1980 816 2063 acquirere.
838 1981 915 2041 Nam
947 1979 1068 2040 adrem
1100 1993 1162 2041 tant
1183 1993 1311 2063 tempus,
1338 1993 1399 2041 tam
1427 1977 1558 2041 studium
1586 1980 1719 2063 quietum

435 2081 631 2143 neceesarium
642 2094 694 2141 est.
705 2114 715 2126 ·
727 2081 866 2162 Dnrnpnr,
878 2099 927 2161 ego
938 2085 973 2139 tc:
985 2078 1153 2162 Respondet
1163 2080 1308 2162 Stupeus:
1320 2098 1339 2140 o
1354 2078 1492 2162 dampne,
1504 2099 1561 2163 ego
1572 2093 1601 2142 te
1615 2078 1721 2157 solam,

435 2181 510 2243 idest
522 2181 585 2242 sine
599 2194 726 2255 anaante,
741 2176 787 2240 vel
802 2179 880 2239 sotio
895 2193 924 2240 te
937 2178 1089 2262 diligente,
1104 2179 1234 2263 primunt
1245 2180 1345 2262 aspexi
1361 2180 1390 2241 in
1404 2178 1522 2241 deserto
1536 2177 1632 2255 litore,
1647 2178 1721 2242 idest

434 2282 465 2344 in
479 2279 537 2343 hoc
557 2277 678 2341 mundo.
692 2277 779 2341 dicit:
797 2276 929 2339 «alererln
951 2277 1034 2339 litore
1050 2303 1065 2334 »
1081 2278 1149 2362 quia
1170 2278 1227 2340 laec
1247 2278 1370 2340 scientia
1392 2279 1507 2341 deserta
1529 2293 1558 2340 et
1582 2278 1722 2342 derelicta

434 2394 497 2444 erat
517 2393 548 2443 et
568 2393 613 2440 est
633 2378 663 2439 in
690 2378 747 2440 hoc
768 2376 980 2461 mundo,·quia
1009 2375 1107 2438 nullus
1129 2377 1321 2452 adnuerem,
1343 2377 1394 2439 sed
1416 2377 1452 2439 ad
1481 2377 1598 2441 lucrum
1620 2379 1722 2441 inten-

434 2479 509 2543 dunt
522 2498 636 2541 omnes.
650 2476 772 2540 witellius
786 2498 843 2560 ego
858 2497 895 2538 ne
910 2479 967 2538 iana
983 2477 1114 2539 riderem
1129 2477 1293 2554 hominem,
1309 2478 1384 2540 idest
1399 2478 1539 2541 lerninam
1554 2478 1722 2555 mortalem,

435 2601 473 2642 an
493 2578 600 2655 deam;
621 2577 697 2640 idest
709 2599 747 2639 an
762 2598 840 2639 esses
854 2576 963 2652 diuina,
978 2598 1015 2638 an
1031 2578 1175 2641 mortalis.
1191 2593 1338 2662 quantum
1353 2578 1390 2640 ad
1405 2577 1661 2640 immortalitatem
1683 2580 1723 2640 in·

436 2679 579 2764 telligitur
598 2679 660 2761 ipsa
688 2679 794 2762 poesis,
814 2677 937 2740 scientia
958 2698 1016 2761 que
1044 2699 1195 2763 nunquam
1218 2680 1313 2762 perit:
1336 2693 1366 2741 et
1394 2679 1463 2763 quia
1487 2678 1631 2741 ridebatis
1659 2679 1723 2752 dea,

435 2782 504 2865 quia
525 2777 610 2864 palla,
631 2777 706 2840 idest
726 2778 815 2868 vestis
837 2792 887 2839 tua
909 2798 997 2839 aurea
1019 2778 1172 2861 flagrabat,
1194 2779 1269 2840 idest
1290 2776 1464 2861 splendebat
1484 2778 1614 2840 ardendo
1637 2777 1723 2840 rutila

436 2879 558 2955 murice,
572 2878 646 2940 idest
660 2877 761 2940 colore
774 2896 931 2961 purpureo,
948 2898 1015 2938 nana
1031 2877 1098 2939 talis
1112 2879 1202 2939 vestis
1217 2878 1271 2961 dijs
1286 2876 1473 2954 attribuitur;
1489 2875 1536 2938 sel
1550 2875 1725 2959 intelligitur

436 2999 491 3063 pro
509 2979 573 3063 ipsa
593 2992 674 3040 veste
700 2976 817 3050 decora,
838 2978 900 3059 ipsa
928 2977 1051 3039 scientia
1080 2992 1235 3059 poetarum
1263 2997 1322 3062 que
1343 2976 1450 3039 decora
1479 2991 1509 3039 et
1530 2993 1652 3038 venusta
1682 2992 1724 3038 cst

436 3092 467 3141 et
487 3076 612 3140 mirabili
639 3090 759 3161 aspectu
782 3090 812 3137 et
833 3075 908 3137 ultra
938 3076 1062 3138 modurn
1086 3074 1275 3138 delectabilis.
1298 3112 1309 3123 ·
1329 3076 1369 3137 sic
1389 3073 1536 3161 corrpielroi
1561 3074 1648 3137 reiron
1670 3075 1725 3136 irate

436 3177 549 3240 insolito
576 3177 669 3240 ociore.
691 3176 764 3239 idest
785 3178 847 3259 ipsa
868 3178 967 3252 restis,
989 3176 1038 3237 rel
1065 3176 1128 3259 ipsa
1149 3177 1272 3240 scientia
1302 3175 1460 3260 conplebat
1482 3174 1581 3238 celum
1605 3175 1724 3237 insolito

436 3277 537 3340 odore.
558 3276 664 3359 accipit
692 3296 810 3338 sensum
832 3296 885 3359 pro
906 3296 1003 3347 sensu,
1025 3277 1118 3338 odore
1139 3277 1211 3340 dicit
1232 3297 1286 3360 pro
1307 3277 1420 3339 auditu.
1442 3278 1520 3339 Nam
1546 3277 1607 3357 ipsa
1632 3278 1725 3355 poesis

436 3375 526 3440 habet
555 3395 670 3438 sorores
700 3396 758 3460 que
779 3396 863 3453 muse
893 3390 1112 3459 nuncupantur,
1133 3397 1191 3461 que
1223 3378 1297 3439 mita
1325 3374 1481 3438 dulcedine
1510 3391 1619 3437 canunt.
1656 3375 1725 3436 dicit

439 3475 574 3538 «irrsniiio
585 3475 709 3537 nardina»
725 3476 793 3559 quia
809 3477 980 3559 preterierat
995 3475 1123 3538 multum
1141 3492 1258 3559 ternpus
1274 3475 1354 3560 quod
1370 3473 1468 3537 nullus
1482 3476 1629 3536 cecinerat
1645 3495 1726 3535 inore

438 3576 570 3659 poetico;
585 3572 633 3636 rel
646 3573 717 3636 dicit
733 3572 870 3635 «insolito
886 3573 970 3634 otiare
980 3599 1007 3649 s,
1022 3573 1098 3637 idest
1113 3574 1233 3636 insolito
1248 3574 1362 3650 auditu,
1378 3594 1439 3636 san
1455 3593 1517 3635 nsa
1532 3592 1646 3636 ootnua
1660 3593 1726 3636 rat-

436 3694 494 3737 tnaa
508 3693 626 3737 cecmtt
647 3694 726 3736 noun
749 3692 887 3748 anesten,
908 3693 957 3735 cur
979 3693 1077 3736 seraa
1099 3695 1166 3736 ntra
1183 3693 1212 3736 tx
1233 3693 1372 3736 resinosa
1394 3691 1579 3735 scotorum
1602 3693 1726 3749 aQt'anj.

438 3773 542 3837 Dulcia
563 3793 616 3834 ora
636 3774 719 3835 cuius
734 3771 796 3855 (vel
818 3773 924 3856 poesis,
942 3771 989 3834 sel
1012 3772 1133 3835 domine
1154 3773 1252 3856 laute)
1273 3771 1422 3835 iactabant
1445 3772 1582 3857 sydereas
1604 3770 1725 3834 favillas.

438 3875 517 3938 Nam
537 3874 599 3956 ipsa
620 3871 739 3934 domina
760 3871 858 3933 laurea
881 3871 1041 3954 pulcerinta
1063 3873 1118 3934 init
1140 3872 1365 3935 ultramodum
1392 3871 1575 3947 ltutnanutn;
1597 3871 1642 3934 rel
1665 3873 1726 3956 ipsa

438 3974 535 4057 poesis
561 3973 693 4048 scientia,
713 3993 771 4056 que
791 3972 962 4055 pulceriam,
984 3971 1091 4035 nobilis
1113 3987 1166 4048 est,
1188 3974 1218 4034 in
1240 3987 1357 4035 tantum
1378 3972 1460 4056 quod
1485 3972 1587 4055 dirigit
1607 3973 1725 4055 ingenia

439 4071 609 4135 mortalium
630 4070 666 4133 ad
687 4071 781 4134 sidera
801 4092 870 4134 cnm
892 4074 954 4155 ipsa
975 4075 1020 4134 sni
1050 4071 1228 4156 eloquentia,
1249 4094 1319 4136 cunr
1340 4093 1398 4156 qua
1421 4091 1481 4133 nnn
1509 4070 1655 4147 horatines,
1676 4071 1726 4133 sed

438 4171 484 4256 tlej
507 4171 644 4235 videntur
663 4170 754 4256 loqui.
776 4174 853 4235 Nam
875 4175 940 4257 quis
963 4171 1134 4235 mortalium
1155 4172 1236 4257 loqui
1258 4171 1369 4256 poterit
1391 4191 1474 4233 more
1495 4169 1661 4254 virgiliano,
1676 4170 1725 4232 ubi

438 4273 564 4355 spiratus
585 4270 659 4333 adeo
680 4285 766 4341 esset,
786 4272 870 4333 cuius
885 4269 1053 4355 eloquentia
1075 4271 1218 4355 usquead
1239 4269 1332 4332 sidera
1349 4269 1727 4352 penetrat?-‚init-numm·

439 4391 540 4442 corruas,
554 4390 605 4433 sen
620 4369 739 4432 domine
759 4369 868 4434 lanree.
889 4392 947 4455 qne
968 4391 1087 4432 auream
1109 4391 1227 4433 comant
1248 4369 1362 4443 ltabnit,
1384 4370 1459 4432 idest
1480 4370 1542 4430 nuri
1558 4367 1676 4440 coluris,
1694 4384 1727 4430 nt

439 4474 501 4555 ipsa
529 4472 635 4555 poesis,
656 4472 740 4533 cuius
768 4491 864 4547 coma,
886 4470 960 4532 idest
982 4472 1148 4546 summitas,
1176 4468 1327 4552 splendida
1348 4483 1392 4531 cst
1411 4469 1526 4530 hatrrnre
1551 4484 1579 4530 et
1601 4467 1686 4531 lanta.
1708 4504 1728 4516 -

440 4589 533 4641 narro;
552 4568 627 4631 idest
648 4570 709 4651 ipsa
730 4569 850 4630 domina
871 4568 1058 4651 disparserat,
1079 4567 1154 4630 idest
1181 4566 1354 4630 dissoluerat
1376 4567 1511 4628 ardentes
1533 4587 1632 4629 comas
1660 4588 1727 4627 snas

439 4668 581 4745 humeris,
601 4670 677 4731 sicut
699 4683 742 4730 est
764 4689 828 4729 tatus
856 4668 1067 4745 dominarum3
1087 4666 1136 4730 tel
1156 4667 1242 4754 quod
1258 4670 1329 4751 ipsa
1346 4666 1454 4747 poeste
1475 4664 1613 4722 scansus
1632 4661 1759 4751 Rxsqex-

436 4784 515 4835 serat
535 4787 645 4848 coatras,
657 4768 732 4834 idest
754 4771 931 4837 suntitateut
954 4785 985 4836 et
997 4772 1177 4859 superiores
1193 4770 1296 4856 ips'tus
1308 4764 1437 4849 inertes
1447 4755 1587 4818 sitense
1602 4761 1671 4821 Ψ
1687 4740 1797 4790 mx*
