4125 5217
442 371 504 418 alo
944 366 1095 413 asroxlo
1119 367 1224 413 ‚lt'ltxn

442 630 552 711 Lusit
584 628 623 709 in
654 626 825 708 assiduo.
857 626 969 724 Quid
1000 624 1107 734 qnod
1137 627 1220 707 sine
1252 645 1368 732 ponte
1397 652 1602 706 manemus

440 755 587 836 'l'utius
620 755 658 835 in
690 754 802 859 ripa?
834 754 927 847 lam,
958 772 1150 860 quantum
1181 750 1227 833 ad
1256 772 1389 844 cetera,
1419 778 1547 831 serunt
1578 771 1634 832 est

444 879 631 962 Edilicare
660 879 804 961 domos
834 879 907 960 sub
936 901 1093 985 tempus
1124 876 1221 959 selle
1249 874 1427 982 sepulcri.

222 1008 281 1089 Fe.
399 1005 555 1109 ([Quid
587 1035 690 1086 vaano
720 1034 901 1087 sermone
931 1004 1034 1087 letes
1064 1004 1296 1086 consumitis
1326 1002 1469 1084 boras?

440 1133 601 1214 Tertius
631 1130 696 1213 ille
726 1132 871 1225 minor,
901 1158 1019 1239 quem
1051 1158 1121 1211 sos
1152 1130 1294 1210 calcare
1322 1128 1469 1222 soletis,

439 1257 567 1352 Silvas
590 1256 711 1353 ,frater
739 1256 882 1349 lrabet;
914 1257 990 1338 iam
1023 1254 1274 1338 fundamenta
1303 1253 1539 1336 domorum

440 1383 538 1466 Sede
569 1382 672 1466 locat
702 1383 848 1491 patria;
878 1383 1046 1488 genitrix
1075 1381 1148 1463 sibi
1180 1410 1265 1463 rura
1294 1408 1530 1489 gregemque

440 1507 614 1592 Credidit
644 1529 680 1590 et
711 1510 789 1590 nati
819 1510 972 1615 gremio
1000 1536 1135 1589 secura
1164 1508 1339 1616 quiescit.

442 1638 582 1718 Parent
611 1655 750 1717 cuncta
778 1632 865 1717 sibi.
896 1634 1018 1718 Curas
1049 1635 1129 1741 agit
1158 1634 1223 1718 ille
1252 1633 1394 1716 seniles

442 1761 543 1843 Ense
573 1790 670 1870 puer
698 1761 846 1857 stricto,
876 1759 1104 1870 laqueisque
1133 1759 1205 1843 sub
1235 1760 1368 1842 arbore
1397 1760 1529 1855 tensis,

390 1877 393 1882 ⁴
441 1887 548 1985 Quis
578 1887 711 1970 avium
743 1886 952 1996 lutumque
981 1887 1099 1996 pedes
1129 1907 1165 1970 et
1193 1887 1294 1969 colla
1324 1905 1558 1995 premantur.

444 2011 667 2120 Pinguibns
697 2034 845 2096 arentes
876 2016 1094 2122 tenerisque
1124 2012 1170 2095 ab
1199 2011 1369 2095 ovilibus
1399 2034 1527 2095 arcent

444 2139 576 2221 Fortia
605 2137 771 2221 claustra
801 2139 930 2247 lupos,
960 2140 1081 2221 tristis
1111 2167 1191 2221 non
1222 2158 1437 2221 murmurat
1466 2168 1591 2234 ursus,

441 2266 692 2370 Sanguineus
723 2293 803 2346 non
833 2267 931 2349 sevit
961 2295 1064 2374 aper,
1094 2294 1175 2348 non
1206 2265 1336 2348 sibilat
1364 2268 1518 2375 anguis,

441 2393 538 2473 Non
568 2390 693 2499 rapidi
723 2391 859 2500 predas
889 2392 1053 2499 abigunt
1082 2422 1127 2474 ex
1162 2421 1270 2475 more
1300 2393 1446 2489 leones,

440 2518 537 2599 Non
567 2517 696 2625 aquile
725 2519 854 2600 curvis
883 2518 1126 2601 circumdant
1156 2519 1353 2627 unguibus
1383 2549 1534 2628 agnos;

442 2641 620 2738 Excelso,
652 2642 833 2750 predulce
863 2672 1017 2735 canens,
1048 2643 1153 2725 sedet
1184 2674 1321 2752 aggere
1352 2667 1495 2727 custos.

441 2769 592 2851 Pascua
620 2788 704 2850 tuta
732 2768 859 2851 silent.
892 2770 1014 2852 Audit
1045 2773 1124 2853 iam
1154 2768 1246 2853 litus
1277 2792 1485 2879 utrumque

439 2895 622 2990 Carmen,
652 2915 690 2978 et
718 2917 912 2979 extremus
942 2896 1093 2978 calaber
1121 2896 1370 3006 ligurumque
1401 2926 1581 2992 recessus,
1697 2968 1705 2993 ,

441 3020 650 3128 Undilragi
681 3025 853 3131 sectique¹
882 3046 1018 3127 tenens
1048 3051 1221 3106 comesa
1250 3022 1390 3106 l'elori.
1508 3111 1511 3117 ,

440 3149 483 3231 Si
514 3176 652 3230 vocem
684 3148 874 3244 extulerit,
905 3151 1068 3231 Mauros
1098 3148 1266 3233 turbabit
1294 3172 1330 3232 et
1361 3151 1491 3247 lndos,

442 3274 685 3381 Arctoasque
716 3276 838 3370 nives,
869 3275 1067 3383 austrique
1096 3275 1255 3360 calentis
1285 3305 1428 3360 arenas.

441 3401 610 3505 Imperat
642 3401 674 3480 is
704 3400 818 3483 vobis
849 3401 1026 3508 linguam
1058 3401 1263 3497 cohibere;
1294 3403 1458 3511 capellas

441 3528 496 3609 lte
526 3524 693 3608 domum
725 3526 885 3608 tondere
916 3528 1068 3634 inopes.
1100 3530 1228 3635 Negat
1257 3528 1434 3637 almaque
1464 3552 1585 3613 mater
1694 3572 1704 3599 ι

441 3654 596 3736 Partem
627 3652 725 3735 uteri
755 3681 827 3734 vos
857 3681 940 3735 esse
968 3655 1044 3749 sni,
1074 3677 1341 3764 suppostaque
1372 3656 1469 3740 iurat

441 3780 614 3885 Pignora
644 3779 869 3862 falsa'sibi:
902 3780 1026 3862 Vallis
1056 3800 1093 3861 te
1123 3782 1302 3889 proxima
1332 3782 1452 3879 misit,

417 3905 745 4013 ‚Apenninigene
774 3935 851 4013 qua
881 3927 987 4013 prata
1019 3906 1183 3988 virentia
1211 3906 1307 3989 silve

440 4030 644 4138 Spoletina
676 4052 827 4113 metunt
857 4053 1029 4114 armenta
1058 4061 1276 4140 gregesque¹
1302 4034 1496 4140 protervi;

439 4156 500 4239 Te
529 4156 749 4264 longinqua
779 4156 883 4238 dedit
912 4156 1028 4239 tellus
1058 4180 1095 4240 et
1126 4187 1266 4266 pascua
1297 4158 1432 4244 Rheni.

227 4286 324 4365 llarr.
401 4284 562 4389 [Nunc
594 4285 783 4364 memini:
817 4283 1028 4365 Audieram
1060 4307 1203 4367 veteres
1234 4312 1381 4367 narrare
1410 4284 1614 4368 bubulcos.

516 4594 547 4644 Υ.
572 4605 640 4659 131:
658 4594 803 4661 Sectirpre...
823 4593 902 4659 pelori
923 4622 930 4633 ·
952 4595 982 4643 l'.
1007 4607 1073 4658 132:
1094 4613 1221 4650 mamam..
1241 4595 1315 4644 lnrlos
1336 4624 1344 4635 ·
1367 4597 1397 4652 Υ,
1422 4611 1489 4660 140:
1510 4598 1590 4653 rheni.
