4125 5217
821 417 852 501 ιι
874 419 1063 469 nucoucun
1087 421 1215 469 etenim·
1618 409 1659 494 67

374 552 905 567 mn*—
1246 554 1661 570 —aan--u--·—e·u-

375 681 404 752 la
439 707 513 753 cura
548 682 581 752 di
616 680 806 766 esaminarli
831 706 924 752 come
961 684 993 752 io
1025 681 1069 751 lio
1106 679 1195 767 letto,
1218 706 1280 751 eon
1304 680 1440 775 qualche
1471 687 1661 756 attentione.

376 791 479 863 Peto:

692 1080 774 1152 Cod.
787 1043 790 1049 Ι
805 1084 887 1170 1636
913 993 1141 1151 Univelsitarit
1163 1080 1194 1150 di
1213 1081 1358 1171 llologna

789 1262 871 1333 cod.
898 1265 940 1351 64
965 1262 1044 1333 Bibl.
1068 1263 1258 1333 Cossiniana

470 1501 504 1587 d)
522 1499 616 1574 codd.
635 1501 753 1571 Estense
769 1526 799 1566 z.
817 1524 857 1569 w.
875 1521 905 1585 5.
928 1490 1179 1581 12,‘Cnrsininno
1195 1504 1271 1588 369,
1288 1500 1490 1570 Cnsmuttmse
1503 1501 1543 1571 D.
1558 1503 1600 1573 11.
1618 1525 1666 1591 ¹⁴·

438 1666 441 1672 ,
469 1608 838 1703 Nel..prezioso.codice
867 1610 1002 1678 listense
1037 1611 1234 1678 sitrotmm
1271 1612 1413 1701 preposti
1444 1609 1507 1679 olle
1531 1610 1668 1701 egloglie

381 1720 444 1790 due
467 1740 553 1789 sorta
577 1719 821 1809 d'argomenti3
846 1718 890 1809 gli
915 1720 980 1801 uni,
1010 1741 1104 1787 come
1135 1717 1325 1803 bonomo,
1357 1721 1599 1812 accompagnati
1629 1719 1669 1790 da

381 1853 447 1899 nnn
468 1828 577 1899 lettera
600 1826 632 1897 di
649 1848 736 1896 certo
754 1828 840 1897 Dino
865 1826 1029 1919 Rayniroli
1047 1825 1239 1896 vorrebbcro
1264 1825 1338 1896 farsi
1355 1826 1485 1898 credere
1503 1843 1601 1921 opera
1617 1829 1667 1900 del

383 1938 549 2023 petentem
573 1937 617 2030 gli
640 1936 720 2021 altri,
744 1937 798 2028 pili
822 1934 972 2019 modesti,
997 1959 1133 2027 possano
1170 1937 1201 2004 in
1225 1937 1352 2006 istretto
1386 1937 1565 2028 incognito,
1588 1963 1670 2008 ano-

383 2050 474 2133 nimi,
498 2072 517 2117 e
539 2046 698 2116 finiseono
722 2068 784 2115 con
807 2043 828 2113 l’
842 2043 903 2136 egl.
919 2045 976 2114 Vl.
1001 2046 1119 2128 Questi
1136 2044 1238 2114 ultimi
1255 2065 1422 2114 niostmno
1446 2070 1510 2116 con
1533 2048 1543 2115 i
1566 2050 1670 2117 corri-

383 2156 555 2251 spondenti
580 2154 632 2225 dei
666 2154 759 2225 codd.
795 2155 989 2225 Cossiniano
1016 2158 1120 2243 369e
1156 2154 1372 2225 Cnsanatense
1409 2156 1448 2225 D.
1473 2157 1514 2226 11.
1555 2179 1594 2246 14
1617 2157 1670 2228 tall

384 2265 541 2358 nnalogk,
565 2265 640 2348 che,·
658 2288 693 2334 se
717 2262 745 2332 la
769 2265 833 2331 mia
857 2264 974 2331 ricerca
998 2264 1025 2330 si
1051 2260 1204 2331 limitasse
1227 2259 1286 2330 alle
1322 2264 1426 2354 prime
1450 2264 1496 2332 sei
1522 2262 1671 2355 egloghe,

385 2374 496 2445 dovrei
516 2372 651 2444 crederli
675 2370 764 2442 fonte
787 2369 872 2463 degli
896 2371 1076 2462 argomenti
1101 2369 1151 2439 dei
1176 2368 1238 2439 due
1262 2394 1340 2440 mss.
1364 2373 1502 2443 romani.
1527 2373 1598 2443 Essi
1621 2375 1672 2443 in·

384 2470 463 2554 veno
485 2484 667 2575 riempiono
690 2504 752 2551 con
776 2479 919 2549 mirabile
954 2499 1110 2549 esnttezza
1139 2477 1168 2549 le
1192 2478 1304 2549 lacune
1340 2480 1400 2549 che
1424 2483 1450 2549 si
1476 2483 1672 2551 riscontrano

385 2614 443 2663 ora
465 2591 618 2661 nell'uno
642 2588 761 2659 edom
794 2587 868 2657 nell’
881 2587 961 2657 altro
990 2587 1101 2657 codice
1124 2612 1142 2656 e
1166 2612 1222 2679 per
1245 2588 1274 2656 le
1298 2587 1471 2658 differenze
1496 2589 1554 2658 che
1583 2589 1604 2659 li
1628 2614 1675 2659 se·

386 2723 505 2793 parano
522 2698 603 2770 dalle
619 2701 765 2768 versione
782 2698 811 2767 D
828 2695 957 2766 offrono
974 2721 1038 2765 nna
1061 2696 1229 2765 redazione
1254 2722 1361 2766 nuova
1377 2720 1395 2765 e
1420 2700 1497 2788 pero
1521 2701 1674 2789 prezioso.

365 2811 511 2882 Nesia·
520 2833 620 2903 provo
629 2808 653 2877 il
659 2806 819 2878 mffronto
831 2806 916 2897 degli
929 2809 1110 2897 argomenti
1121 2809 1262 2898 preposti
1276 2809 1327 2876 nei
1340 2828 1387 2876 tre
1401 2805 1495 2877 codd.
1508 2807 1621 2900 all'egl.
1634 2810 1674 2878 V.

528 3010 662 3080 Estense
892 3006 1085 3076 Cossiniano
1112 3010 1173 3097 369
1363 3005 1580 3077 Camnatense

431 3135 789 3210 Istiusqnerte'(slc)'egloge
865 3134 1227 3208 istiusquerte(sic)Egloghe
1310 3137 1390 3188 Istius
1409 3136 1499 3205 quinte
1521 3137 1621 3207 Egloge
1635 3138 1669 3189 'ti'-

396 3230 486 3285 tltnlut
498 3229 631 3297 εειρὶειεε
644 3228 789 3298 pastoralis,
835 3228 923 3279 titulus
936 3238 976 3279 est
989 3228 1071 3295 pietas
1084 3228 1229 3295 pastoralis,
1276 3229 1344 3280 tulus
1362 3238 1403 3281 est
1422 3225 1508 3281 Pietas
1527 3230 1669 3296 pastoralis.

396 3337 458 3373 nem
469 3335 536 3371 unns
548 3317 747 3387 colloquentium
757 3319 789 3370 de
834 3337 895 3370 num
903 3319 1188 3386 nnusconloquentinm
1196 3319 1228 3370 de
1275 3319 1342 3370 Nam
1369 3336 1436 3370 unus
1461 3320 1669 3386 conloquentium

396 3412 492 3481 pietate
517 3410 653 3479 diespntnt.
673 3410 790 3463 collocu-
836 3411 930 3478 pletnte
947 3410 1069 3477 disputet.
1090 3411 1230 3477 colloquto·
1275 3411 1308 3463 de
1327 3411 1422 3477 pietate
1440 3409 1563 3477 disputet.
1588 3410 1671 3462 Collo·

397 3512 467 3556 tores
484 3512 546 3554 tunt
564 3512 624 3555 tren.
643 3519 665 3554 ε.
684 3501 789 3552 martius
836 3519 876 3553 res
904 3511 965 3554 sunt
992 3513 1045 3553 ιεεε
1074 3519 1095 3553 ε.
1115 3502 1229 3562 mortius.
1275 3512 1377 3554 cutores
1396 3511 1457 3554 eunt
1484 3511 1545 3553 tres.
1565 3518 1586 3553 ε.
1607 3518 1672 3552 mer·

397 3593 481 3655 elletns
499 3602 617 3654 emente,
630 3592 733 3660 Apitius
754 3609 791 3644 εε-
836 3593 918 3644 dictus
938 3593 971 3645 de
997 3592 1088 3653 Marte,
1113 3592 1230 3660 Apritins
1276 3595 1326 3645 tius
1344 3594 1429 3645 dictus
1442 3611 1457 3643 ε
1470 3592 1671 3660 ιιιεειε,Αρίιὶυε

396 3685 507 3746 eunden,
536 3682 639 3735 Tertius
675 3681 791 3733 lestines.
837 3685 973 3744 secundus,
992 3684 1095 3736 Tertius
1113 3683 1230 3737 festinus.
1277 3684 1414 3744 secundus,
1427 3684 1530 3735 Tertius
1546 3694 1586 3735 est
1605 3683 1672 3735 festi·

397 3791 444 3844 per
474 3773 594 3827 mentium
625 3771 792 3840 intelligenda
823 3775 1236 3846 ¹perllnrtiumintelligedonium
1278 3792 1335 3826 nus.
1356 3792 1401 3842 per
1429 3775 1551 3825 Martium
1576 3774 1669 3826 intelli·

397 3867 491 3920 domne
514 3864 720 3919 collonnenslum
741 3864 793 3916 dic·
837 3865 1054 3926 columnensium,
1073 3867 1168 3918 dictem
1199 3867 1231 3917 de
1277 3868 1363 3933 gendo
1381 3878 1421 3919 est
1439 3866 1533 3917 domus
1546 3866 1672 3918 Colonen·

384 3958 545 4011 'numne
562 3955 794 4025 qulnsueruntho·
837 3969 918 4008 morte
939 3958 999 4024 quin
1021 3956 1124 4009 fuerunt
1152 3957 1232 4007 homi·
1278 3960 1354 4020 sium,
1373 3958 1442 4011 dicta
1469 3958 1594 4017 nllarte,
1612 3958 1673 4025 quia

398 4048 481 4101 minen
500 4047 614 4101 bellicosi
639 4056 665 4099 et
683 4046 806 4098 maxime.
838 4064 885 4099 nee
903 4048 1026 4100 bellicosi:
1053 4048 1169 4115 Apritins
1188 4048 1231 4099 di·
1279 4050 1382 4101 luerunt
1413 4049 1531 4101 homines
1549 4049 1672 4101 bellimi.

397 4155 474 4192 nnus.
506 4137 610 4207 Apitlue
640 4137 732 4189 dieitur
759 4138 793 4189 eb
837 4138 903 4190 citur
921 4142 954 4191 ab
967 4157 1019 4191 uno
1036 4140 1072 4191 sie
1091 4148 1182 4190 vocato
1199 4140 1232 4189 de
1279 4143 1311 4193 Et
1330 4142 1440 4193 maxime
1469 4142 1552 4193 Unus.
1572 4140 1673 4205 Apitius

398 4247 453 4284 nno
470 4230 508 4283 eie
525 4228 595 4282 dieto
606 4230 639 4281 de
657 4229 736 4280 domo
754 4246 793 4280 nr·
838 4230 916 4282 domo
930 4233 1083 4284 Ursinorutu
1096 4243 1122 4283 et
1140 4231 1233 4297 prohut
1279 4233 1372 4284 dieitur
1384 4234 1417 4283 ab
1430 4232 1490 4285 Uno
1507 4232 1543 4283 sie
1555 4231 1623 4282 dicto
1642 4232 1674 4281 de

398 4322 515 4376 tinorum
533 4332 560 4372 et
572 4337 618 4388 per
630 4319 699 4372 hunc
717 4320 792 4372 intel·
838 4323 960 4390 intellego
978 4325 1084 4374 domum
1104 4323 1234 4374 Ursinam.
1254 4384 1257 4396 Ι
1279 4325 1358 4374 domo
1372 4323 1536 4373 Ursinornm.
1548 4339 1592 4389 per
1605 4322 1673 4371 hune

399 4413 456 4483 llgit
473 4413 578 4464 domum
600 4411 724 4462 ursinam.
747 4412 793 4462 Per
840 4430 885 4481 per
909 4414 1029 4465 festinum
1055 4413 1170 4481 intellige
1189 4431 1233 4481 po·
1254 4399 1258 4444 l
1281 4414 1401 4481 intelligit
1428 4415 1534 4464 domum
1572 4414 1673 4464 l'rsino

399 4504 519 4558 stetinum
547 4501 729 4570 intelligendus
755 4513 794 4554 εει
840 4506 927 4571 pulum
957 4522 1090 4555 romanum
1119 4522 1133 4554 n
1165 4504 1233 4556 lesti-
1254 4447 1258 4557 l
1282 4524 1345 4558 rum.
1368 4508 1415 4558 Per
1444 4506 1563 4556 lestinnni
1585 4505 1674 4555 intelli·

399 4596 509 4665 popnlns
534 4610 656 4646 mmanus
679 4611 695 4644 ε
719 4593 792 4645 lesti-
840 4596 937 4662 nantin‚
951 4597 1019 4647 vele
1039 4596 1180 4646 mobilitate
1198 4596 1234 4647 di·
1255 4569 1258 4628 l

1280 4599 1381 4665 gendus
1401 4607 1440 4647 εει
1459 4595 1568 4663 populns
1586 4597 1676 4645 Roma·

398 4687 487 4739 nenti·
499 4685 540 4739 vel
556 4702 573 4737 ε
590 4684 731 4736 mobilitate
749 4685 793 4735 di·
840 4697 928 4747 ctum,
967 4687 1005 4739 vel
1037 4687 1104 4738 lama
1134 4687 1233 4738 intelli·
1283 4686 1674 4743 nus..tfeninannavela1no-

396 4789 462 4848 etun,
482 4778 523 4831 vel
541 4777 610 4830 ieme
627 4775 795 4845 intelligenda
815 4725 820 4850 l
840 4780 925 4846 gendo
953 4788 1000 4830 est.
1024 4779 1057 4831 Et
1081 4780 1134 4831 duo
1160 4779 1235 4846 primi
1282 4777 1683 4834 bilitaeedteewdimm
