4125 5217
825 403 856 451 rt
878 400 1065 451 socorarcust
1089 402 1218 450 cinnas
1600 400 1658 469 173

379 662 425 724 hic
447 682 548 746 paror,
570 661 725 745 respondet
746 661 858 733 silvius,
881 683 939 723 mm
972 661 1020 723 laic
1053 682 1154 743 paror,
1175 681 1264 745 quem
1286 675 1317 721 tu
1339 659 1423 733 dicis,
1443 659 1511 741 quia
1545 680 1603 719 non
1626 679 1660 719 es

381 763 490 823 uilitate
510 763 600 823 animi
623 784 681 823 non
703 764 794 823 timeo
825 762 904 845 qnod
936 783 994 822 mm
1028 763 1145 835 intrem,
1166 764 1235 844 qnia
1267 782 1326 821 non
1358 760 1449 821 timeo
1471 760 1663 840 penitentiam

381 864 537 933 i'estratn3
557 861 607 922 sed
629 863 652 922 si
675 860 749 923 som
772 882 830 921 non
851 860 1035 923 delectabilia
1058 875 1174 921 versant
1188 880 1273 922 aures
1288 879 1379 932 meas,
1395 880 1454 919 non
1476 861 1592 920 mirere.
1614 857 1664 918 sed

381 963 437 1022 scis
456 959 535 1043 qnod
556 959 667 1021 detinet
695 980 742 1021 me
773 960 808 1021 ad
843 960 1035 1021 intrandum?
1066 961 1120 1021 ista
1154 975 1248 1021 restra
1279 959 1396 1020 silentia
1424 958 1568 1030 detinent,
1597 958 1666 1039 qnia

383 1081 440 1121 raian
463 1080 578 1141 possem
600 1061 687 1120 istare
702 1072 823 1120 'tantum
845 1075 989 1142 quantum
1024 1079 1077 1118 eos
1107 1061 1202 1129 statis,
1224 1059 1295 1142 quin
1318 1057 1463 1141 loquerer.
1485 1072 1515 1118 et
1536 1057 1668 1136 assignat

383 1177 499 1220 causam
523 1172 551 1219 et
573 1158 643 1219 dicit
664 1157 744 1240 quod
765 1179 838 1218 osus
859 1158 889 1219 tit
912 1156 1030 1238 lrnagior
1055 1173 1170 1231 natura,
1191 1161 1258 1241 qnia
1274 1156 1460 1219 emasnetudo
1474 1170 1519 1217 est
1540 1154 1667 1215 alterans

385 1273 537 1319 naturam:
568 1258 696 1339 quia
659 1276 716 1317 eoo
737 1277 802 1317 sum
825 1259 865 1317 ita
887 1272 1047 1318 consuetus
1080 1257 1193 1318 inistis
1225 1255 1329 1337 studiis
1351 1256 1485 1337 poeticis
1506 1252 1586 1339 qnod
1609 1272 1668 1313 non

385 1376 500 1440 possem
521 1372 600 1418 stare
620 1358 691 1439 quin
714 1354 858 1439 loquerer

467 1457 514 1518 0!
534 1457 657 1517 iterant:
680 1454 834 1537 respondet
857 1457 1012 1518 Monicus:
1035 1457 1059 1517 si
1081 1457 1199 1531 iterum,
1220 1477 1239 1517 o
1260 1456 1343 1531 Sin-i,
1357 1456 1513 1537 contingat
1528 1454 1580 1516 tibi
1602 1474 1671 1516 me-

386 1575 453 1618 cum
476 1554 627 1617 traducere
649 1569 775 1637 tempus,
796 1576 847 1615 sen
871 1555 900 1616 in
919 1555 1031 1627 futuro,
1052 1556 1187 1640 silentque
1202 1556 1311 1641 fragor
1331 1554 1390 1630 laic,
1411 1576 1464 1616 seu
1486 1569 1554 1616 tuus
1570 1573 1672 1615 rumor

388 1654 480 1737 glorie
501 1668 531 1716 et
551 1653 629 1715 sarire
649 1652 774 1716 volatilis
797 1659 835 1716 οῖ’
847 1655 940 1715 inanis
962 1671 990 1717 et
1009 1671 1113 1717 cantus
1130 1656 1171 1717 tui
1187 1656 1305 1737 poetici,
1319 1657 1368 1739 qui
1385 1669 1414 1716 te
1430 1653 1508 1715 tollit
1526 1654 1555 1715 in
1576 1652 1670 1715 altum

388 1774 498 1836 magno
519 1773 671 1815 murnmre
694 1755 826 1816 cicorum
857 1769 886 1815 et
919 1754 1049 1817 tumultu
1083 1776 1180 1817 rernm
1212 1770 1341 1829 tuarum,
1368 1754 1476 1837 quibus
1506 1752 1672 1823 delectaris,

388 1874 445 1937 que
465 1854 564 1916 rsarmia
586 1852 708 1915 confusa
729 1869 818 1927 sunt;
839 1854 862 1914 si
885 1853 930 1914 lais
953 1855 1039 1917 rebus
1059 1854 1182 1928 carebis,
1203 1861 1308 1937 qrntrrlo
1329 1852 1440 1915 dulcius
1461 1851 1569 1915 vialclrir
1587 1851 1673 1935 psol-

389 1953 446 2015 lcre
464 1960 613 2037 pastorem,
635 1973 686 2015 sen
712 1952 817 2013 dauid!
841 1967 870 2014 et
901 1953 972 2016 dicit
993 1952 1117 2037 psallere
1150 1969 1269 2036 propter
1299 1952 1483 2037 psalterium,
1504 1952 1583 2036 quod
1605 1950 1673 2014 lecit

389 2052 486 2128 david,
517 2054 601 2115 cnius
622 2052 750 2135 psalmos
771 2054 800 2114 in
823 2069 910 2115 nocte
940 2052 1046 2115 debitis
1075 2053 1155 2115 horis
1182 2053 1301 2137 qnando
1323 2051 1472 2134 regulares
1503 2067 1534 2114 et
1556 2052 1673 2113 monaci

390 2166 499 2265 caomat
520 2150 565 2231 (et
587 2153 724 2296 precipue
746 2151 787 2214 illi
811 2154 925 2233 monaci
949 2169 1064 2215 certose
1084 2154 1179 2236 nragis
1200 2153 1308 2214 detote
1328 2150 1421 2214 ollitia
1443 2172 1547 2213 eorum
1573 2165 1603 2213 et
1624 2153 1675 2211 mi·

391 2349 479 2419 -oo,
501 2366 600 2433 pastor
619 2273 717 2425 dalid,
738 2353 853 2434 ingerat
874 2351 925 2414 tibi
948 2355 1069 2427 sensim,
1091 2353 1166 2415 idest
1186 2352 1342 2435 gradatim,
1363 2349 1472 2413 obliuia
1496 2273 1676 2434 reliquorum

394 2465 546 2531 poetarum
568 2465 687 2512 tuorum
709 2466 738 2512 et
759 2472 818 2512 nou
840 2451 961 2533 negabis
982 2472 1103 2514 carmen
1124 2451 1244 2513 illorum
1260 2471 1323 2513 esse
1337 2450 1536 2534 iasarre3qrtod,
1551 2471 1603 2512 seu
1618 2469 1679 2512 car·

396 2570 473 2623 rnen,
494 2548 583 2610 modo
597 2563 627 2611 te
640 2548 789 2626 sollicitat,
804 2550 887 2634 qatod,
909 2571 960 2612 seu
975 2571 1105 2625 carmen,
1127 2558 1151 2611 tt
1172 2550 1324 2635 suspendii,
1340 2550 1415 2611 idest
1436 2564 1571 2611 atentum
1594 2549 1679 2622 redit,
1698 2593 1705 2608 .

397 2649 527 2723 lineatam,
549 2649 622 2710 idest
642 2669 694 2710 ore
714 2663 827 2711 attento
849 2666 1024 2712 morantem.
1046 2685 1056 2696 ·
1079 2652 1152 2725 Quis
1174 2669 1286 2733 quesn:
1308 2648 1477 2731 llespondet
1494 2647 1607 2719 silvius,
1630 2650 1681 2709 in-

396 2762 533 2829 terogaus
554 2749 724 2809 naouicum:
746 2750 820 2830 quis,
832 2768 934 2831 queso,
955 2769 1006 2810 sen
1028 2752 1094 2832 quis
1116 2764 1160 2810 est
1181 2751 1236 2811 iste
1257 2763 1356 2831 pastor
1376 2768 1466 2831 quem
1489 2750 1612 2808 narras?
1629 2764 1681 2808 aut

395 2845 451 2907 sub
470 2865 530 2927 quo
551 2846 645 2908 sidere
665 2860 710 2908 est
730 2848 857 2929 genitus,
878 2848 927 2931 qui
950 2847 1006 2910 ltoc
1027 2863 1126 2930 queat,
1147 2867 1199 2909 seu
1220 2847 1299 2930 quod
1320 2848 1416 2909 dicis?
1437 2847 1519 2929 quasi
1542 2846 1681 2918 admiror,

395 2945 460 3028 quis
481 2943 528 3006 ltic
550 2946 641 3028 possit
663 2966 734 3009 esse.
757 2948 834 3007 Nam
853 2946 952 3007 auditi
967 2949 1108 3021 carmina,
1123 2946 1272 3029 milleque,
1286 2965 1391 3007 ottrnes
1406 2960 1544 3008 canentes
1565 2945 1681 3016 audit·i;

394 3044 434 3105 ita
455 3058 569 3119 casem,
590 3044 665 3106 idest
679 3064 761 3120 care,
777 3064 883 3129 equare
897 3066 1088 3129 quemquam,
1103 3046 1178 3106 idest
1193 3045 1323 3129 aliquem
1340 3046 1448 3106 nostris
1463 3046 1558 3127 poetis
1574 3060 1602 3106 et
1617 3065 1683 3105 cam-

399 3141 519 3204 toribus.
540 3177 560 3190 -
580 3143 719 3205 Audisti?
741 3145 895 3226 respondet
918 3146 1064 3219 monicus,
1085 3145 1205 3207 diceas:
1228 3145 1345 3219 audisti,
1366 3165 1385 3205 o
1406 3143 1484 3218 silvi,
1498 3163 1559 3228 quo
1580 3158 1683 3204 rnonte

399 3246 502 3307 unicus
523 3244 594 3306 lons.
608 3245 668 3307 edit
688 3246 747 3307 duo
769 3246 914 3307 llumina?
945 3280 955 3293 ·
987 3246 1044 3309 noc
1076 3266 1145 3328 sepe
1175 3247 1282 3310 accilit
1313 3247 1403 3330 quod,
1434 3266 1504 3308 cum
1532 3247 1598 3329 quis
1620 3245 1684 3307 cult

400 3366 491 3407 unum
522 3344 629 3420 dicere,
650 3345 748 3422 aliud;
779 3346 850 3408 dicit
872 3361 900 3407 et
932 3346 997 3407 ideo
1027 3347 1167 3429 replicat:
1189 3349 1248 3409 siue
1270 3345 1385 3407 altinont
1405 3347 1525 3429 gentinis
1547 3367 1580 3407 ex
1597 3345 1686 3429 fonti-

401 3442 450 3505 lnts
481 3465 566 3505 statano
591 3442 699 3528 jlronoa
730 3444 804 3505 salit
834 3465 923 3527 aqum
944 3451 969 3505 cl
989 3466 1102 3506 sncrrnn
1123 3454 1216 3529 rapat,
1238 3446 1312 3507 idest
1333 3446 1521 3528 principium,
1546 3465 1607 3506 rom
1630 3466 1686 3505 ιω-

401 3544 498 3604 no’ne?
528 3543 584 3605 Hic
614 3542 721 3605 florius
751 3543 889 3605 iordanus
911 3559 965 3619 est,
986 3546 1035 3627 qui
1068 3564 1103 3605 es
1137 3544 1253 3606 dnobus
1283 3543 1413 3605 fontibus
1445 3545 1588 3627 gignitur,
1610 3565 1685 3605 unns

401 3661 528 3724 quorum
559 3659 681 3705 vocatus
713 3645 766 3718 ior,
789 3643 872 3705 Alter
902 3644 958 3705 dan
997 3660 1025 3705 et
1048 3644 1116 3707 ltinc
1139 3665 1248 3708 nornen
1270 3644 1349 3725 flur-ij
1373 3644 1524 3706 derivatur
1553 3643 1687 3726 jordani;

402 3743 492 3804 etita
514 3744 671 3803 sumitur.·
692 3744 780 3818 intro,
802 3744 876 3805 idest
898 3764 933 3805 ex
955 3744 1012 3805 illis
1033 3743 1150 3805 duobus
1172 3743 1301 3806 lontibus
1322 3764 1413 3827 aquas
1435 3760 1463 3806 et
1485 3744 1591 3825 capud,
1613 3744 1688 3805 idest

404 3841 578 3923 principium
610 3858 639 3904 et
660 3863 778 3904 trornen.
801 3878 819 3889 -
841 3842 971 3904 Aeolia-i:
993 3843 1161 3924 Respondet
1193 3844 1301 3905 Siluius
1323 3844 1359 3904 ad
1391 3845 1567 3925 interogata.
1601 3845 1689 3915 Nant,

403 3960 471 4003 curu
494 3942 628 4002 monicus
649 3942 729 4024 prius
750 3941 889 4003 dixisset:
914 3941 1044 4003 «audisti
1060 3962 1120 4025 quo
1137 3958 1264 4004 montes
1289 3958 1345 4014 etc,
1369 3942 1538 4023 Respondet
1559 3940 1688 4004 Silvius:

403 4039 501 4101 audivi
532 4054 565 4101 ut
595 4040 744 4123 quondam
776 4040 825 4102 ille
858 4061 929 4121 puer
959 4040 1102 4122 hispidas,
1134 4041 1208 4103 idest
1240 4041 1379 4125 lacrsntus
1406 4055 1435 4102 et
1464 4040 1615 4113 siluestris,
1637 4061 1688 4101 sen

403 4138 545 4200 iohannes
577 4138 680 4201 batista
703 4139 785 4222 (quia
807 4142 837 4200 in
859 4140 975 4201 deserto
996 4140 1121 4222 pellibus
1143 4141 1263 4203 indutus
1289 4156 1317 4201 et
1341 4141 1424 4224 qnasi
1457 4140 1572 4201 orridus
1594 4141 1690 4219 primo

405 4238 542 4321 aspectu)
574 4237 645 4300 latit
675 4238 858 4321 appollineos
890 4256 970 4300 artus
1001 4241 1037 4302 ad
1060 4243 1154 4322 ripam
1177 4242 1296 4303 nitentis
1329 4240 1469 4310 llnnrinis,
1501 4240 1576 4299 idest
1598 4238 1692 4299 batti-

406 4339 482 4413 qatit
514 4338 635 4400 cristnm
673 4339 701 4398 in
740 4340 804 4420 ipso
836 4338 964 4400 iordane.
1007 4341 1056 4421 qni
1089 4342 1205 4411 cristus,
1238 4340 1354 4421 poetice
1387 4339 1553 4421 loquendo,
1585 4339 1693 4400 dicitnr

406 4437 534 4521 appollo,
565 4438 639 4499 idest
670 4438 741 4499 deus
772 4440 922 4520 sapidrnie.
952 4474 971 4485 -
996 4440 1094 4522 jiliccs
1116 4438 1242 4522 napos!
1273 4440 1346 4500 idest
1367 4459 1443 4521 aque
1475 4439 1613 4508 iordanis,
1635 4458 1692 4520 qne

408 4558 595 4622 promeruere
616 4536 685 4619 (pro
707 4540 893 4619 mernerunt)
917 4556 1037 4621 tangere
1067 4559 1175 4620 corpus
1207 4541 1280 4600 tanti
1308 4539 1365 4617 dci,
1387 4538 1461 4599 idest
1483 4538 1574 4599 cristi.
1596 4571 1614 4582 -
1639 4539 1692 4597 llic

401 4635 519 4721 fluuios,
540 4638 566 4698 si
587 4656 654 4697 raro
686 4637 826 4704 dunntnr,
850 4637 957 4708 imarii,
989 4638 1064 4699 idest
1094 4638 1241 4710 discurrit,
1264 4658 1314 4720 per
1344 4658 1466 4719 campos
1498 4657 1651 4720 cunctum.
1676 4670 1692 4681 -

408 4736 480 4798 nan
500 4737 600 4819 igilur,
616 4757 666 4798 seu
683 4736 768 4798 dauid
791 4736 970 4800 ntnlcentem
992 4737 1096 4812 sidera,
1111 4738 1185 4800 idest
1200 4738 1287 4799 deum
1310 4757 1414 4800 serum
1435 4737 1514 4799 dulci
1529 4752 1618 4799 canto
1641 4757 1695 4796 sen
