4125 5217
819 429 851 479 n
872 425 1062 480 sucotrcurr
1085 431 1217 482 cneum
1594 429 1658 498 ²09

378 690 413 753 de
432 692 564 777 genitrice
584 689 695 753 nichil?
715 690 882 775 Respondet
910 690 1045 767 Martius,
1071 692 1154 777 quasi
1182 691 1341 769 admirans,
1361 692 1441 776 quod
1462 693 1500 756 de
1520 696 1662 778 genitrice

380 806 469 875 etque
488 806 582 854 matre
602 805 632 853 et
651 790 688 854 de
708 791 771 853 eius
792 790 920 874 presidio
941 805 971 853 et
994 791 1216 873 recuperatione
1230 791 1320 854 nichil
1336 790 1432 869 dicat;
1447 808 1477 855 et
1492 793 1559 855 ideo
1572 794 1659 856 dicit:

381 890 415 953 de
433 892 566 975 genitrice
585 889 682 963 nichil,
696 910 748 953 seu
762 892 897 974 cogitas?
911 891 993 973 quasi
1008 889 1106 953 dicat:
1128 890 1165 953 de
1186 892 1311 975 propriis
1334 890 1418 954 bouis
1439 912 1542 954 curam
1563 892 1663 966 habes,

382 989 433 1053 sed
452 990 490 1053 de
510 991 661 1075 genitrice,
675 990 749 1053 idest
763 990 801 1053 de
820 1010 852 1052 re
873 987 1000 1073 publica,
1015 987 1057 1051 nil
1077 1009 1181 1053 curare
1202 990 1332 1053 sideris?
1346 1025 1366 1039 -
1380 991 1516 1053 sedenim
1537 997 1664 1054 mortino

383 1109 453 1153 etten
472 1090 557 1154 videte
577 1091 685 1162 matris,
705 1090 782 1153 idest
803 1088 934 1152 desolate
948 1090 1051 1172 patrie,
1065 1110 1117 1152 seu
1133 1110 1226 1166 cotue,
1240 1089 1331 1152 subest
1350 1091 1436 1153 ntielti
1444 1112 1453 1160 ;
1469 1090 1559 1155 nichil
1574 1092 1663 1153 unichi

385 1210 514 1274 unquam
533 1192 629 1255 carius
648 1189 715 1267 hac,
728 1209 781 1252 seu
803 1204 913 1266 matre3
926 1189 1002 1251 idest
1023 1187 1064 1251 nil
1086 1205 1147 1252 tam
1168 1210 1270 1253 earum
1292 1189 1389 1252 habeo
1409 1211 1501 1276 quam
1524 1191 1665 1255 redimere

385 1304 415 1353 et
434 1288 532 1353 colere
558 1305 694 1366 matrem,
722 1309 775 1351 seu
805 1308 866 1351 rem
895 1286 1054 1372 publicam.
1081 1323 1102 1337 ·
1129 1291 1191 1373 pitis
1218 1295 1295 1350 vetet
1320 1309 1376 1352 esse
1400 1292 1491 1375 pium,
1520 1291 1594 1354 idest
1618 1312 1666 1353 me

384 1389 538 1453 ostendere
557 1389 663 1472 pium?
683 1423 704 1437 ·
724 1388 783 1449 leve
803 1407 914 1458 inurere,
936 1407 987 1450 seu
1009 1402 1064 1462 est,
1084 1387 1181 1450 dulcio
1201 1386 1300 1451 verbo.
1322 1387 1389 1450 ideo
1410 1390 1458 1473 pie
1486 1376 1555 1453 solo
1574 1390 1666 1473 loqui,

386 1501 420 1552 ut
440 1490 504 1573 pius
525 1488 642 1565 videar3
663 1508 733 1550 nam
761 1484 853 1550 nichil
882 1485 928 1549 vel
956 1484 1062 1571 aliquis
1091 1495 1171 1550 vetat
1198 1507 1247 1549 nne
1267 1487 1326 1550 hoc
1346 1488 1513 1552 ostendere.
1541 1504 1571 1552 et
1590 1490 1666 1565 ideo,

387 1604 542 1674 postquam
562 1590 639 1651 intra
659 1608 692 1650 se
713 1587 769 1650 hoc
790 1588 914 1661 dixerat,
935 1586 972 1649 ad
993 1588 1133 1649 martium
1154 1585 1255 1671 dirigit
1275 1608 1465 1651 sermonem:
1488 1588 1668 1665 intuituros,

386 1707 438 1752 seu
459 1704 585 1765 nostros,
606 1688 656 1752 bns
676 1686 730 1751 illn
751 1707 861 1757 inntens,
880 1707 932 1749 seu
947 1702 1073 1763 nostras,
1087 1686 1134 1749 bec
1147 1686 1274 1759 iracbin,
1289 1686 1366 1750 idest
1379 1681 1433 1749 has
1446 1689 1602 1771 potentias,
1616 1688 1669 1751 has

387 1787 613 1864 dominationes,
633 1787 684 1850 sed
705 1786 794 1849 etiam
815 1785 870 1850 hec
891 1805 1015 1870 corpora
1043 1800 1169 1863 atteram,
1189 1820 1210 1834 ·
1230 1786 1284 1847 illn
1304 1784 1376 1859 rota,
1396 1806 1450 1849 seu
1471 1801 1576 1864 mater,
1596 1786 1670 1849 idest

389 1906 481 1964 roma,
501 1885 586 1950 nobis
605 1885 701 1964 dedit3
723 1906 765 1958 cn,
785 1905 838 1948 seu
864 1901 968 1961 mater,
989 1883 1052 1947 sola
1080 1883 1194 1948 truatur
1213 1886 1273 1948 tuis
1294 1883 1444 1961 domibus,
1464 1883 1539 1947 idest
1560 1884 1672 1948 lmetut

388 1969 484 2063 nobis,
505 1986 560 2049 hac
581 1985 690 2069 divitiis
711 1986 823 2057 matris,
843 2004 902 2067 que
923 1985 1023 2047 omnia
1044 1986 1107 2067 ipsa
1134 1984 1197 2047 sola
1224 1984 1307 2047 dedit
1333 1983 1428 2047 nobis.
1449 2020 1470 2034 ·
1489 2006 1546 2047 non
1566 2005 1671 2057 attieno,

389 2086 465 2151 idest
484 2106 607 2162 recuso3
624 2105 739 2171 comet,
760 2104 812 2147 seu
833 2103 901 2169 ego,
923 2104 1016 2147 essem
1048 2083 1103 2147 sibi
1124 2085 1154 2148 iu
1174 2104 1378 2168 quascumque
1398 2103 1476 2161 oras,
1496 2104 1549 2148 seu
1576 2100 1671 2168 partes

390 2188 503 2250 vocarit
522 2184 611 2268 (prot
633 2185 793 2265 vocaverit)
812 2203 863 2246 seu
885 2203 950 2261 me;
971 2204 1025 2248 nec
1046 2183 1146 2247 abnuo
1166 2183 1242 2247 lette
1263 2204 1313 2247 me
1334 2182 1483 2261 baculum,
1503 2184 1579 2247 idest
1598 2183 1672 2246 sub-

389 2299 631 2359 stentamentum,
652 2282 747 2367 fragili
767 2297 919 2346 senectute
949 2304 1002 2346 seu
1029 2285 1152 2361 matris;
1173 2285 1248 2347 idest
1276 2303 1348 2367 paro
1370 2304 1419 2347 me
1438 2284 1475 2347 ad
1496 2285 1673 2367 omniaque

391 2405 520 2471 possum
548 2419 569 2432 -
595 2382 658 2467 dii:
679 2398 777 2445 tamen
806 2382 975 2466 Respondet
1002 2385 1138 2459 Martius,
1159 2383 1281 2447 laudans
1310 2404 1380 2446 eum
1407 2383 1444 2446 de
1471 2384 1579 2467 pietate
1604 2403 1674 2467 erga

392 2501 527 2558 matrem,
548 2483 623 2546 idest
643 2502 712 2565 erga
734 2482 858 2565 patriam
879 2502 965 2543 suam
986 2496 1016 2546 et
1036 2482 1127 2546 dicit:
1154 2482 1199 2545 dii
1228 2482 1353 2545 tribuere
1378 2480 1432 2566 titj
1456 2481 1604 2545 consilium
1627 2504 1675 2545 se-

392 2604 459 2647 reno
479 2582 545 2661 celo,
567 2583 641 2645 idest
662 2582 721 2645 leto
741 2596 881 2665 aspectu3
902 2616 913 2629 ·
933 2601 1007 2643 nette
1019 2582 1109 2666 pietas
1124 2603 1213 2666 regna
1226 2589 1306 2655 tenet,
1320 2583 1389 2666 quia
1403 2581 1524 2644 deducis
1543 2584 1675 2645 animum

392 2698 479 2747 tuum
499 2680 535 2744 ad
556 2683 712 2766 pietatcm3
726 2701 778 2744 stte
797 2680 920 2765 possidet
939 2700 1032 2752 arieto,
1053 2700 1106 2743 seu
1127 2682 1230 2765 pietas,
1244 2702 1314 2743 cum
1336 2682 1453 2743 animus
1475 2680 1611 2744 reductus
1633 2696 1676 2743 est

393 2783 429 2846 ad
449 2782 594 2845 directum
616 2782 774 2843 tramitem.
800 2815 821 2828 -
839 2778 919 2862 filius
946 2800 982 2852 es,
1010 2782 1079 2863 quia
1111 2780 1179 2855 tilia,
1200 2801 1289 2864 opera
1318 2802 1403 2865 paras
1425 2797 1454 2845 et
1475 2797 1637 2856 mausueta,
1658 2816 1677 2827 -

392 2883 462 2954 vim,
482 2881 558 2943 idest
578 2882 621 2944 uis
653 2901 700 2957 ne,
728 2878 950 2943 sitiuntinnms?
976 2880 1021 2942 vis
1051 2900 1089 2941 ne
1120 2900 1173 2941 nos
1199 2879 1358 2942 subvenire
1386 2881 1471 2964 matri
1495 2882 1605 2965 egenti,
1625 2901 1676 2941 seu

394 2984 500 3044 romei
520 2979 693 3065 (legendum
715 2994 759 3043 est
779 2981 976 3063 intemgative
999 2980 1099 3041 «Vim
1113 2978 1323 3042 subveniamus
1336 2980 1369 3063 s)
1384 3015 1395 3028 ·
1408 2980 1445 3043 ad
1459 2979 1540 3064 quod
1554 2979 1617 3042 litte
1639 2978 1678 3039 lo·

394 3080 505 3162 quitur,
527 3078 714 3161 respondens,
735 3078 861 3161 apitius:
877 3076 956 3161 sore,
977 3076 1053 3139 idest
1073 3077 1131 3154 dic,
1145 3077 1215 3161 quid
1236 3077 1403 3140 laciendum
1425 3080 1473 3141 sit.
1494 3078 1564 3163 quid
1585 3098 1678 3160 espe-

396 3192 468 3255 cus,
489 3177 564 3239 idest
583 3168 692 3253 differs,
706 3164 803 3239 dicere
816 3176 897 3261 quod
917 3196 992 3260 opus
1014 3179 1078 3240 est?
1091 3211 1112 3224 -
1126 3179 1216 3240 ottenis
1230 3198 1313 3239 mom
1334 3184 1444 3262 torquet
1464 3184 1613 3245 enitentem,
1627 3198 1679 3238 seu

397 3292 610 3362 expectantem.
637 3311 658 3325 ·
685 3277 735 3339 Est
754 3276 872 3338 dontius:
892 3277 999 3359 Incipit
1018 3295 1138 3339 narrare
1166 3278 1288 3339 martius
1317 3291 1346 3339 et
1374 3276 1522 3360 explicare
1541 3276 1611 3361 quid
1633 3275 1679 3337 la-

397 3376 535 3441 ciendum
548 3377 605 3437 sit:
620 3381 659 3437 cst
671 3375 778 3447 dotnrts,
793 3374 867 3460 idest
881 3375 1065 3459 capitolium,
1079 3376 1185 3438 domus
1199 3412 1209 3424 ·
1223 3377 1290 3439 dico
1304 3411 1315 3423 ·
1329 3375 1426 3459 ampla
1441 3376 1507 3458 sibi,
1521 3396 1573 3438 seu
1589 3396 1679 3437 rome.

398 3474 578 3537 mentionem
600 3472 669 3536 lacit
688 3471 725 3535 de
744 3470 895 3556 capitolio,
916 3492 968 3535 seu
989 3472 1026 3535 de
1047 3489 1150 3536 monte
1171 3476 1295 3557 tarpeio,
1309 3475 1389 3558 quod
1410 3474 1504 3550 idem;
1518 3472 1588 3557 quid
1609 3473 1680 3533 olim

397 3571 491 3635 fuerat
510 3572 616 3635 domus
637 3574 772 3635 comunis
793 3574 875 3635 curie
896 3593 1037 3649 romane;
1058 3572 1157 3636 (latiens
1170 3609 1181 3621 ·
1194 3574 1286 3637 dico·
1306 3573 1419 3635 cottriitn
1440 3593 1582 3634 ttentnroso
1603 3573 1680 3643 totle,

398 3671 474 3735 idest
493 3674 524 3734 in
544 3673 608 3755 ipso
629 3688 730 3734 monte
750 3692 819 3734 cum
842 3672 942 3734 multis
963 3672 1110 3748 domibus,
1132 3694 1216 3735 more
1237 3673 1378 3735 silvarum
1404 3672 1541 3748 conditis,
1563 3689 1681 3734 etcum

399 3770 527 3833 turribus
554 3792 588 3833 ac
617 3772 696 3852 atriis
722 3771 890 3848 altissimis;
916 3793 1016 3856 quam,
1038 3793 1089 3834 seu
1111 3773 1245 3850 domum,
1268 3774 1447 3855 rttngnnnitni
1461 3772 1586 3856 fratres,
1608 3771 1682 3832 idest

399 3872 524 3933 maiores
545 3873 637 3934 nostri
658 3870 713 3934 hac
735 3874 845 3953 priores
867 3888 896 3934 et
917 3893 1110 3956 precessores,
1125 3875 1253 3935 tlrtndnnt
1268 3875 1352 3957 longo
1368 3881 1488 3956 tempore
1507 3871 1614 3934 colerere
1626 3871 1682 3955 pijs

400 3970 528 4054 esequijs,
550 3977 609 4032 ttrm
630 3973 659 4032 in
681 3970 732 4033 illo
754 3986 896 4053 tempore,
919 3989 1022 4048 mater,
1044 3974 1118 4035 idest
1146 3995 1239 4048 roma,
1265 3988 1328 4034 erat
1354 3988 1474 4055 cogmta
1502 3971 1588 4046 lacte,
1609 3972 1683 4032 idest

400 4089 453 4152 pet
472 4083 570 4131 totum
583 4070 700 4147 orbem3
715 4072 858 4133 invidiosa
873 4073 970 4147 ninnis,
987 4071 1061 4134 idest
1082 4072 1191 4135 insidia
1206 4074 1312 4134 tradita
1328 4071 1375 4134 vel
1389 4072 1456 4133 data
1472 4092 1522 4154 per
1544 4074 1683 4132 virtutem

400 4183 431 4231 et
450 4171 612 4252 potentiam
632 4191 727 4232 suant.
752 4206 772 4218 -
797 4179 850 4255 per
869 4192 963 4233 untttes
983 4172 1081 4243 soltus,
1108 4173 1183 4235 idest
1211 4193 1262 4254 per
1289 4193 1394 4233 omnes
1416 4186 1508 4233 terras
1530 4184 1565 4233 nc
1585 4173 1684 4232 cisitu·

401 4283 454 4331 tet.
474 4303 495 4317 ·
509 4268 585 4352 felix
606 4276 632 4330 et
648 4276 746 4354 partit,
767 4290 819 4331 seu
841 4291 922 4332 torna
946 4270 1013 4331 lelix
1029 4286 1125 4353 partu,
1140 4274 1208 4355 quia
1224 4272 1337 4352 peperit
1353 4286 1399 4332 tot
1414 4272 1492 4331 sitos
1509 4269 1633 4330 illustres
1655 4286 1684 4330 et

402 4388 560 4453 generosos
581 4384 612 4431 et
631 4368 748 4431 inclitos
769 4384 799 4431 et
819 4372 929 4431 virtute
951 4370 1112 4432 redimitos.
1127 4407 1147 4418 -
1161 4379 1186 4432 et
1200 4371 1299 4432 inlito
1316 4369 1493 4432 silvestribus
1506 4371 1592 4453 garis,
1610 4370 1685 4430 idest

402 4468 536 4530 censibus
558 4488 593 4530 ex
614 4467 779 4553 longinquo
799 4489 833 4530 ac
847 4470 928 4550 omtrj
945 4484 1090 4531 terrarum
1112 4487 1193 4553 parte
1208 4470 1302 4545 elatis,
1317 4470 1386 4552 quia
1401 4470 1501 4531 omnia
1515 4489 1567 4551 per
1588 4477 1686 4529 totum

401 4567 505 4631 orbem
525 4566 720 4651 possidebant
742 4603 763 4615 -
793 4588 826 4629 nc
845 4576 939 4651 potens
961 4570 1061 4652 regino
1084 4591 1238 4641 eternorum,
1260 4590 1312 4631 seu
1345 4585 1407 4631 erat
1429 4572 1489 4652 ipsa
1512 4584 1621 4641 mater3
1643 4590 1686 4628 nt·

402 4689 521 4739 merum,
542 4667 617 4730 idest
638 4669 792 4730 civitatum
819 4669 964 4730 omnium.
993 4705 1013 4716 -
1034 4690 1110 4731 rtturs
1130 4669 1232 4731 inuidit
1253 4670 1374 4752 precipit
1401 4675 1481 4729 notus
1506 4670 1613 4735 inrisere,
1635 4688 1686 4727 seu

402 4769 501 4845 matri,
521 4783 656 4831 strenuos
676 4788 710 4831 ac
731 4769 877 4832 maximos
898 4769 990 4850 siros,
1017 4770 1098 4834 sicut
1124 4771 1292 4856 scipiones,
1314 4767 1438 4840 tetros,
1455 4766 1577 4831 limos,
1590 4776 1720 4818 cosm

1661 4858 1695 4890 &N
