4125 5217
827 396 858 446 ru
880 397 1069 449 nocorrcuar
1092 390 1227 449 canum
1601 400 1662 473 231

383 657 535 730 meditare,
549 656 620 720 dum
634 657 748 720 sederet
762 658 791 720 irr
806 664 935 743 quodam
950 680 1067 744 campo,
1089 676 1207 745 propter
1223 683 1365 746 magnum
1380 662 1510 727 chlorem
1531 664 1667 747 deposuit

383 756 603 834 cervalleriam3
625 773 696 820 tunc
711 780 769 821 una
789 757 887 842 aquila
902 758 1012 821 screbat
1034 781 1127 823 unum
1143 760 1270 845 lapidem
1285 764 1347 825 siue
1366 784 1455 825 unam
1478 764 1667 840 testudinem,

384 873 424 935 et,
438 873 472 921 ut
485 856 606 920 haberet
617 856 716 920 cibum
731 859 912 933 interiorem,
924 858 1036 921 dimisit
1051 860 1156 922 eadere
1170 882 1258 943 super
1271 861 1367 946 capud
1389 864 1473 925 istius
1487 862 1574 946 calui.
1589 862 1667 926 unde

384 958 447 1041 ipse
467 971 602 1019 mortuus
622 971 682 1032 est,
702 957 751 1041 qui
774 955 870 1019 stabat
891 957 1033 1020 haetenus
1055 959 1140 1022 valde
1161 959 1292 1045 [atentus
1314 961 1349 1023 ad
1372 962 1588 1047 meditandum]
1608 963 1668 1025 ali·

384 1055 466 1142 quid,
479 1058 542 1119 sire
562 1056 691 1120 camrina
714 1077 773 1118 non
793 1066 875 1119 hicira
896 1055 1002 1120 fronte.
1024 1093 1044 1106 ·
1070 1059 1139 1120 Vidi
1206 1080 1397 1123 rericoucsrar
1419 1059 1668 1147 [phylemonemh

385 1157 436 1240 qui
457 1170 592 1219 mortuus
609 1170 653 1217 est
674 1155 827 1233 nobiliter;
850 1178 929 1233 nam,
943 1157 1015 1220 dum
1036 1173 1113 1220 esset
1136 1160 1310 1222 recitaturus
1333 1179 1423 1222 unam
1445 1159 1577 1244 pulcram
1600 1182 1669 1225 ma-

386 1257 501 1332 teriam,
522 1254 594 1318 dum
624 1257 687 1338 ipse
707 1270 797 1318 staret
828 1258 857 1317 in
890 1255 1004 1340 pulpito
1035 1259 1098 1320 sice
1122 1258 1261 1321 cathedra
1300 1273 1330 1322 et
1360 1279 1429 1322 cum
1457 1259 1498 1344 illj
1530 1278 1669 1326 vocarent

278 1413 279 1416 ,
385 1357 494 1440 ipsum,
509 1357 686 1419 invenerunt
707 1376 770 1417 esse
791 1341 964 1433 md'rtuum;
985 1355 1053 1418 ide'o
1074 1357 1146 1421 dicit
1167 1360 1257 1420 istum
1279 1372 1396 1442 poetam
1418 1379 1518 1422 senem
1542 1360 1669 1443 rigidum

387 1475 450 1519 esse
464 1471 493 1519 et
506 1454 592 1519 illum
613 1471 777 1540 spectatum
793 1472 826 1518 ur
839 1471 958 1519 caneret
973 1456 1067 1520 multa
1080 1456 1224 1553 dilucide;
1245 1473 1276 1520 et
1290 1458 1349 1520 vidi
1365 1478 1470 1521 vocem
1491 1458 1669 1543 prefocatam

330 1582 331 1585 ¹
386 1555 519 1620 saucibus
540 1571 570 1618 et
591 1571 634 1632 tu,
655 1555 758 1632 lector,
779 1573 882 1640 putare
903 1576 1004 1639 posses
1027 1558 1156 1639 rapuisse
1177 1558 1289 1620 animas
1312 1559 1384 1618 eius.
1406 1556 1518 1621 illesic
1539 1574 1618 1621 stans
1640 1561 1670 1622 irr

387 1654 502 1742 pulpito
523 1653 676 1719 videbatur
702 1656 806 1719 similis
829 1658 974 1734 recitanti,
996 1672 1025 1720 et
1048 1656 1156 1733 fistula,
1178 1656 1278 1743 lingua
1305 1672 1398 1734 trinta,
1419 1657 1573 1722 ridebatur
1593 1681 1668 1744 perr·

386 1756 457 1820 dere
477 1754 653 1841 pallentibus
674 1754 767 1840 labijs.
781 1791 801 1805 ·
815 1758 938 1819 Hunc...
954 1777 1115 1821 unaarum
1129 1759 1179 1841 qui
1195 1755 1299 1821 habuit
1314 1778 1406 1820 unum
1421 1757 1514 1821 alium
1528 1758 1671 1836 emulum,

386 1858 449 1943 qui,
469 1856 539 1921 licet
559 1871 636 1919 esset
661 1856 782 1939 inferior
802 1877 838 1920 eo
867 1856 1040 1933 menandro,
1062 1872 1213 1919 ettamen
1241 1855 1368 1920 habebat
1396 1860 1540 1921 maiorem
1562 1848 1671 1922 famam

389 1956 442 2022 illo
462 1956 635 2020 menandro.
657 1954 702 2041 [et
722 1956 779 2019 hoe
801 1955 874 2019 laiso
895 1954 1015 2019 farore:
1044 1957 1095 2018 sed
1118 1957 1279 2020 Menander
1301 1954 1374 2043 non]
1402 1956 1525 2021 curabat
1545 1958 1582 2022 de
1602 1958 1671 2034 hoc,

388 2075 461 2143 ymo
481 2055 632 2120 deridebat
661 2076 729 2119 eum
756 2071 787 2119 et
814 2056 883 2119 iecit
903 2054 1013 2119 librum
1034 2056 1070 2118 de
1102 2055 1160 2119 hoc
1181 2056 1261 2141 quod
1292 2072 1369 2119 esset
1390 2055 1478 2119 fallax
1499 2059 1561 2142 ipsa
1582 2057 1670 2122 sama.

388 2157 454 2220 ideo
474 2155 566 2220 dicit:
588 2176 646 2241 ego
667 2156 726 2220 vidi
740 2156 819 2220 hunc
835 2158 885 2241 qui
901 2158 996 2240 magis
1011 2157 1124 2219 amicus
1139 2159 1228 2220 sacris
1244 2158 1357 2234 musis3
1377 2156 1429 2220 sed
1451 2158 1548 2221 nrinus
1570 2174 1671 2243 gratus

388 2255 556 2320 civitatibus
577 2272 705 2341 quantus
725 2255 762 2318 ad
783 2254 902 2333 famam,
924 2270 954 2317 et
974 2256 1016 2318 sic
1044 2271 1107 2318 erat
1139 2258 1234 2320 victor
1260 2258 1292 2320 in
1312 2271 1375 2319 arte
1401 2258 1527 2341 poetica,
1547 2259 1589 2321 sic
1610 2274 1672 2321 erat

388 2357 484 2421 victus
510 2355 621 2419 iudicio
648 2357 811 2439 ignorantis
847 2355 957 2440 populi.
989 2355 1040 2419 ille
1071 2358 1232 2420 menander
1261 2354 1376 2420 solebat
1408 2357 1501 2421 ridere
1529 2359 1672 2422 victorem

388 2457 527 2520 suumin
555 2455 643 2533 fama,
663 2457 731 2540 quia
753 2477 871 2520 carmen
900 2471 977 2519 esset
997 2458 1084 2541 inops
1106 2458 1173 2541 equi
1202 2458 1306 2520 iudicis
1334 2472 1364 2519 et
1391 2457 1471 2541 quod
1499 2457 1575 2520 fama
1596 2475 1673 2522 esset

389 2558 488 2619 minua
507 2573 587 2620 certa
610 2558 693 2641 vagis
708 2558 812 2620 ventis.
834 2592 854 2603 -
874 2556 942 2618 Vidi
962 2558 1013 2641 qui
1023 2577 1033 2617 .·
1055 2577 1296 2633 ...ammineum
1311 2557 1360 2641 qui
1382 2555 1593 2641 descripsit‚de
1613 2579 1673 2621 ma·

390 2658 461 2720 teria
482 2654 620 2732 obscena,
641 2657 703 2741 qui,
724 2655 773 2719 ubi
795 2655 920 2718 debebat
948 2657 1101 2739 acquirere
1123 2655 1260 2740 gloriam,
1282 2656 1437 2740 acquisivit
1459 2655 1621 2732 infamiam,
1641 2657 1671 2719 in

389 2771 506 2820 tantum
530 2756 610 2842 quod
636 2755 894 2823 lacedemonenses
924 2754 1059 2819 iecerunt
1087 2777 1219 2819 cremare
1240 2755 1329 2820 libros
1357 2757 1438 2825 eius„
1457 2758 1526 2840 quia
1553 2757 1673 2840 quidam

314 2844 317 2848 ’
389 2856 473 2933 civis,
492 2876 545 2918 seu
566 2859 743 2940 Epomenas,
765 2857 939 2939 promiserat
959 2854 1014 2917 sibi
1047 2854 1138 2919 srliam
1159 2856 1190 2917 in
1221 2844 1356 2930 us'orem,
1387 2854 1492 2918 deinde
1516 2855 1673 2942 tradiderat

389 2955 484 3035 alteri,
511 2955 590 3019 unde
616 2956 781 3020 archilocus
810 2953 918 3017 iecerat
945 2957 1075 3018 carmina
1108 2953 1304 3031 infamatoria,
1325 2955 1364 3016 ita
1386 2954 1466 3039 quod
1494 2970 1575 3039 pater
1595 2955 1672 3018 illius

389 3056 486 3141 puelle
506 3055 654 3124 interiecit
672 3075 714 3133 se,
733 3070 763 3119 et
784 3055 850 3118 ideo
872 3054 1000 3118 multum
1022 3053 1181 3118 infamatus
1209 3070 1262 3117 est.
1284 3070 1314 3117 et
1335 3054 1402 3117 ideo
1423 3054 1513 3117 dicit:
1535 3074 1592 3138 ego
1614 3055 1673 3117 cidi

388 3160 494 3236 istum,
515 3158 565 3243 qui
586 3155 738 3219 infamanti
766 3177 852 3219 versu
874 3170 995 3239 cogeret
1015 3155 1089 3218 alios
1117 3155 1154 3218 ad
1182 3172 1321 3219 mortem.
1341 3190 1362 3203 -
1388 3155 1457 3217 Vidi
1480 3154 1600 3232 Alium,
1621 3177 1672 3217 seu

388 3278 581 3330 ructrrtmsu,
595 3258 656 3343 qui,
671 3256 742 3319 dum
763 3272 840 3319 esset
861 3256 999 3340 expulsus
1021 3256 1147 3331 athenis,
1159 3258 1277 3340 scripsit
1297 3256 1428 3319 carmina
1444 3254 1482 3318 de
1503 3254 1674 3339 expulsione

388 3379 442 3422 aua
462 3358 504 3420 ita
524 3356 622 3420 dulcia
643 3357 722 3441 quod
743 3358 806 3440 ipse
827 3372 982 3419 revocatus
1003 3371 1049 3418 est
1070 3358 1099 3417 in
1122 3357 1246 3440 patriam
1253 3379 1262 3433 ;
1284 3356 1350 3418 ideo
1371 3355 1461 3418 dicit:
1484 3375 1541 3439 ego
1562 3355 1620 3417 ridi
1642 3354 1674 3418 il·

389 3458 452 3522 lum
474 3458 628 3521 extinsisse
649 3457 772 3520 hodium
793 3455 873 3519 dulci
894 3470 993 3518 cantu.
1010 3472 1039 3519 et
1054 3455 1163 3534 subdit,
1177 3456 1321 3519 dicendo:
1343 3475 1472 3540 qucuam
1488 3476 1534 3517 res
1547 3454 1673 3541 adequct

388 3559 544 3622 scientiam
564 3559 734 3642 poeticam?

474 3657 644 3741 Terrrprrrrr:
664 3655 803 3720 describit
824 3671 882 3718 tres
903 3655 976 3719 aiios
1004 3670 1106 3740 poetas
1127 3655 1325 3730 athenienses,
1345 3654 1407 3738 qui,
1428 3654 1533 3737 spretis
1554 3654 1673 3737 diritijs,

388 3756 521 3822 iecerunt
542 3755 632 3820 libros
654 3755 690 3819 de
711 3754 845 3818 laudibus
868 3756 1013 3820 bonarum
1034 3758 1141 3819 artium
1164 3756 1245 3819 etin
1270 3757 1422 3839 eriopago,
1434 3754 1501 3817 loco
1522 3754 1573 3817 illo
1594 3755 1673 3817 athe-

389 3858 586 3934 niensi,erarrt
599 3857 745 3941 sapientes
766 3854 960 3940 philosophy3
981 3858 1031 3939 qui
1048 3853 1301 3939 recognoscebant
1316 3856 1407 3916 vitam
1423 3855 1510 3916 unius
1531 3854 1673 3937 cuiusque

388 3972 419 4020 et
439 3954 725 4041 querebantonmes
746 3975 782 4016 ex
803 3975 862 4038 qno
885 3954 1025 4018 virebant
1046 3971 1085 4032 et,
1103 3957 1126 4017 si
1144 3952 1327 4037 reperiebant
1347 3952 1462 4038 aliquos
1484 3955 1616 4016 virentes
1637 3954 1673 4015 de

388 4055 498 4121 nichilo
520 4054 567 4118 rel
588 4055 625 4118 de
645 4054 734 4132 furto,
748 4070 819 4118 tune
835 4054 934 4117 subito
954 4053 1150 4138 expellebant.
1166 4055 1256 4116 modo
1277 4052 1320 4116 illi
1342 4068 1401 4115 tres
1423 4069 1510 4136 poete
1531 4053 1673 4147 descrise·

283 4223 285 4228 ,
389 4171 457 4218 runt
477 4154 514 4218 de
535 4155 605 4218 hoc¹
621 4156 753 4239 negotio,
775 4153 865 4217 modo
894 4174 997 4218 acnxrs
1026 4156 1131 4216 tertius
1160 4170 1246 4237 poeta
1274 4152 1343 4217 lecit
1371 4152 1448 4215 hanc
1474 4151 1570 4236 legem
1592 4151 1673 4236 quod

387 4253 466 4318 filius
488 4254 638 4317 terreretur
656 4256 758 4317 iurare
779 4268 893 4338 patrem
915 4254 945 4315 in
966 4274 1037 4316 casu
1059 4254 1251 4317 necessitatis.
1270 4268 1300 4315 et
1320 4251 1378 4314 hoc
1400 4253 1440 4314 ita
1462 4253 1509 4327 sit,
1530 4253 1554 4312 si
1575 4265 1673 4334 patres

388 4353 573 4417 edocuerunt
585 4354 664 4437 ipsos
679 4353 770 4416 bonas
791 4368 883 4430 artes;
904 4353 971 4415 ideo
992 4353 1083 4416 dicit:
1106 4373 1164 4436 ego
1179 4353 1237 4415 ridi
1259 4352 1332 4417 alios
1346 4367 1449 4434 poetas
1463 4366 1673 4433 contempnere

388 4455 515 4532 divitias,
529 4474 600 4538 opes
614 4453 748 4515 -dico-
769 4453 897 4537 pretium
919 4454 993 4515 tanti
1016 4451 1123 4515 laboris
1144 4468 1174 4515 et
1195 4455 1274 4537 ipsos
1296 4451 1444 4516 celebrare
1466 4451 1555 4512 bonas
1576 4465 1651 4511 artes
1663 4472 1673 4525 ;

387 4540 438 4618 aed
459 4556 537 4618 inter
562 4555 635 4617 istos
662 4552 717 4617 luit
745 4573 820 4615 unus
845 4551 947 4630 alexis,
967 4554 1018 4638 qui
1040 4555 1202 4636 corrigerer
1231 4552 1313 4637 leges
1339 4571 1491 4615 sacrorum
1517 4565 1672 4633 parentum

388 4655 445 4720 hac
466 4654 533 4740 lege
553 4656 698 4739 predicta:
727 4657 751 4717 si
779 4655 921 4734 docerent
942 4656 1020 4738 ipsos
1043 4652 1134 4717 bonas
1155 4670 1242 4717 artes.
1266 4670 1294 4716 er
1322 4653 1389 4715 ideo
1416 4652 1507 4713 dicit:
1535 4672 1591 4736 ego
1613 4650 1672 4712 ridi

387 4756 461 4821 alios
482 4770 594 4841 poetas.
617 4770 647 4819 et
676 4755 724 4840 aiij
753 4756 813 4819 duo
841 4755 960 4819 inerunt
981 4756 1078 4819 uocati
1106 4775 1257 4820 socnarns
1278 4771 1307 4819 et
1328 4773 1518 4817 ocrrrosrnns.
1540 4788 1559 4799 -
1585 4752 1653 4815 l'idr‘
1663 4772 1673 4813 .·
