4125 5217
791 389 822 439 ll.
845 390 1033 440 tucotacmt
1057 391 1188 440 catum
1565 389 1628 463 213

347 652 567 741 immutandum
587 669 633 716 est
652 652 742 736 quod,
762 673 831 716 cum
853 651 989 716 catellina
1010 667 1191 736 perpetraret
1213 667 1242 715 et
1270 652 1420 714 ordinaret
1447 654 1633 715 coniuratio-

347 769 408 818 tem
428 767 530 817 contra
552 772 613 816 rem
635 751 793 836 publicam,
817 751 872 814 sibi
894 767 976 835 parte
1000 753 1111 814 civium
1131 754 1283 826 coniunta,
1298 766 1327 813 et
1342 753 1469 815 misisset
1490 752 1631 836 quosdam

348 854 466 917 nuntios
487 867 521 915 ut
540 852 577 916 ad
598 851 718 937 plenum
748 853 848 913 omnia
870 850 1031 933 adinpleret
1054 872 1123 913 cum
1155 850 1201 912 his
1232 853 1283 936 qui
1305 851 1503 914 assentiebant
1525 854 1634 914 coniu-

349 950 464 1028 rationi,
486 949 591 1015 Tullus
619 950 716 1013 cicero
738 947 804 1034 (qui
827 965 897 1012 tunc
926 947 1030 1012 consul
1060 953 1138 1031 erat)
1168 950 1396 1024 animavertens,
1417 952 1633 1032 suspectionem

348 1049 452 1114 habuit
470 1036 578 1112 horum
601 1049 781 1110 venientium
803 1063 833 1110 et
853 1048 1002 1110 ordinavit
1034 1047 1167 1111 escubias
1189 1063 1218 1110 et
1241 1048 1376 1110 homines
1397 1065 1527 1111 armatos
1548 1064 1577 1112 et
1598 1048 1635 1111 ab

347 1169 409 1213 utto
428 1149 524 1233 capite
544 1163 574 1211 et
594 1147 631 1209 ab
650 1146 709 1208 allo
731 1148 820 1229 ipsius
842 1149 939 1229 pontis
960 1146 1038 1209 clam
1061 1148 1213 1230 imtnorarj
1238 1162 1276 1221 et,
1299 1166 1368 1209 cum
1397 1149 1449 1231 ipsi
1474 1147 1562 1228 legati
1583 1150 1633 1232 qui

348 1248 386 1313 de
405 1263 494 1312 nocte
514 1245 658 1310 debebant
680 1247 824 1322 recedere,
846 1246 885 1307 ibi
907 1262 1005 1309 essent
1025 1248 1115 1329 eapti,
1137 1246 1232 1309 starem
1254 1248 1335 1309 ducti
1357 1247 1393 1309 ad
1414 1263 1561 1321 senatum,
1581 1269 1637 1311 ac-

349 1349 442 1434 ceptis
462 1348 503 1410 eis
524 1347 634 1410 licteus
654 1367 727 1430 quas
749 1344 889 1409 ferebant.
912 1362 942 1407 et
963 1366 1033 1409 cum
1062 1347 1103 1408 ita
1124 1345 1236 1409 factum
1259 1360 1345 1422 osset,
1367 1352 1442 1408 lacta
1463 1362 1507 1409 est
1528 1349 1637 1409 coniu-

351 1449 426 1512 ratio
445 1445 582 1511 catelline
609 1462 711 1510 contra
740 1466 802 1508 rem
824 1445 983 1529 publicam,
1011 1461 1041 1507 et
1063 1461 1193 1508 assentes
1214 1446 1332 1529 alapnatj
1355 1461 1425 1508 sunt
1445 1467 1480 1509 ac
1500 1446 1635 1530 sull'ocatj

351 1562 382 1612 et
400 1545 572 1631 strangolatj
595 1548 625 1608 in
647 1546 779 1628 marique
799 1545 915 1629 deiecti.
939 1544 1097 1608 ultimatim
1120 1566 1202 1621 vero,
1224 1561 1358 1629 tempore
1380 1547 1504 1608 istorum
1525 1545 1635 1610 coluu-

351 1647 487 1711 neosium
507 1662 538 1710 et
557 1647 726 1709 ursinorum
747 1645 830 1728 (quia
862 1646 917 1729 ipsi
945 1644 1141 1707 colunnenses
1171 1644 1247 1707 ultra
1276 1645 1355 1707 laune
1378 1663 1500 1729 pontem
1526 1662 1638 1729 partem

322 1738 329 1752 ’
351 1766 455 1810 eorum
477 1747 607 1829 potentie
627 1743 790 1828 habebant)
807 1746 862 1829 lpsi
877 1745 967 1826 ursinj
989 1744 1085 1828 ipsum
1108 1761 1229 1828 pontem
1245 1744 1406 1829 fregerunt,
1425 1761 1455 1808 et
1469 1748 1508 1808 ita
1531 1746 1637 1808 lractus

352 1867 430 1911 nunc
451 1861 569 1932 perstat.
582 1861 612 1909 et
631 1844 758 1908 sufficiat
779 1846 815 1907 ad
836 1844 1065 1929 intelligentiam
1085 1840 1471 1930 sequentium‘canninunn
1486 1880 1505 1892 -
1521 1847 1640 1930 insuper

352 1945 392 2010 od
409 1954 513 2010 veteres
533 1953 611 2009 artus
637 1953 664 2008 el
693 1944 824 2007 tenebroso
853 1952 948 2032 tarne,
971 1946 1047 2009 idest
1076 1966 1177 2007 versus
1205 1946 1261 2008 ista
1291 1944 1355 2007 loca
1383 1945 1516 2007 umbrie:
1545 1959 1574 2007 et
1602 1943 1642 2006 ad

351 2045 446 2110 domm
465 2044 588 2130 saturni,
609 2044 685 2108 idest
706 2066 808 2108 sersus
830 2044 893 2108 illas
915 2063 1012 2130 partes
1041 2045 1091 2108 ubi
1120 2046 1216 2129 primo
1238 2061 1376 2108 saturnus
1397 2044 1428 2107 in
1449 2044 1530 2107 italia
1551 2043 1639 2108 laabi-

352 2146 435 2224 tavit,
449 2161 504 2209 -et
522 2166 581 2232 que
601 2145 785 2229 possidemus
807 2145 893 2222 ultra,
914 2166 966 2208 seu
988 2145 1064 2209 ultra
1086 2145 1141 2209 hec
1163 2147 1274 2221 omnia,
1291 2143 1387 2215 lidius,
1403 2144 1478 2207 idest
1492 2160 1603 2222 tuscus,
1624 2167 1641 2208 a

354 2247 423 2311 lidia
443 2250 486 2311 sic
506 2248 612 2324 dictus,
633 2248 740 2332 hospes
762 2268 840 2309 nuatc
868 2247 967 2324 habet,
988 2249 1064 2310 idest
1092 2247 1230 2331 possidet.
1253 2283 1273 2295 -
1294 2246 1433 2311 violentas
1455 2250 1545 2320 atavus,
1566 2249 1642 2311 idest

354 2347 474 2412 tiberius
494 2347 612 2425 fluvius,
627 2347 715 2422 cadit,
729 2346 804 2409 idest
825 2347 962 2410 discurrit
983 2346 1019 2409 ab
1041 2347 1102 2409 alto
1125 2363 1237 2424 moute,
1254 2368 1307 2410 seu
1322 2348 1359 2409 ad
1381 2363 1494 2410 veteres
1514 2362 1597 2410 ortus
1612 2364 1641 2411 et

353 2449 390 2512 ad
410 2447 549 2513 umbrosa
571 2462 669 2531 tempe
696 2463 725 2510 et
746 2446 783 2508 ad
804 2464 912 2522 cetera,
933 2447 1008 2508 idest
1028 2468 1131 2509 versus
1154 2447 1206 2509 lras
1227 2463 1333 2531 partes.
1356 2482 1376 2494 -
1397 2449 1455 2531 qni,
1478 2468 1530 2510 seu
1553 2448 1642 2524 rivus,

353 2548 465 2633 inpedit
486 2565 611 2611 matrem
640 2547 809 2624 invalidam,
832 2548 906 2609 idest
935 2567 1050 2609 romam
1071 2547 1195 2610 senilem
1224 2563 1253 2610 et
1280 2546 1420 2623 debilem,
1441 2567 1493 2609 seu
1521 2566 1641 2609 omnem

354 2647 496 2733 populum
518 2669 674 2712 romanum
696 2664 862 2711 transverso
884 2647 1012 2731 gurgite,
1032 2682 1043 2693 ·
1064 2646 1142 2721 tiatira,
1164 2668 1216 2709 seu
1239 2648 1301 2730 ipsa
1322 2662 1417 2708 orater
1437 2648 1537 2709 recisit
1557 2646 1641 2722 idest,

355 2747 485 2812 revidere
505 2748 570 2810 vult
596 2769 649 2811 sua
677 2768 754 2824 rura,
775 2749 849 2811 idest
877 2769 947 2811 suos
975 2766 1107 2829 campos.
1129 2781 1148 2793 -
1174 2754 1245 2830 pons
1268 2747 1331 2831 fnit
1352 2746 1406 2819 bic,
1434 2748 1464 2808 in
1497 2745 1643 2809 hocloco

354 2868 441 2933 supra
463 2847 591 2934 tyberim
612 2863 751 2923 structus,
773 2846 847 2908 idest
868 2847 962 2910 iactus
985 2845 1121 2909 manibus
1143 2861 1315 2909 sanctorum
1338 2848 1480 2922 virorum,
1502 2846 1576 2908 idest
1596 2867 1644 2906 ao·

354 2951 505 3034 tiquotum
542 2950 694 3024 virorum;
732 2947 839 3009 solidus
871 2948 902 3009 in
935 2946 985 3008 hoc
1015 2952 1129 3030 ternpus.
1160 2947 1234 3009 idest
1261 2945 1372 3008 solidus
1400 2947 1429 3007 in
1457 2946 1513 3008 bac
1545 2962 1644 3008 nostra

356 3064 454 3125 etate;
483 3068 537 3132 qno
565 3049 689 3120 tramite,
717 3047 793 3109 idest
819 3048 850 3109 in
877 3067 937 3132 quo
965 3063 1057 3129 ponte
1083 3062 1183 3129 pastor
1217 3063 1351 3129 argutus,
1378 3067 1430 3107 seu
1459 3046 1564 3111 Tullus
1590 3068 1645 3109 so-

354 3150 433 3211 noris
454 3149 484 3210 iu
506 3146 676 3231 eloquentia
700 3168 763 3223 sua,
784 3149 833 3233 qui
856 3164 926 3210 tunc
947 3143 1052 3209 consul
1074 3162 1137 3207 erat
1168 3162 1198 3208 et
1230 3146 1270 3207 rei
1303 3144 1420 3229 publice
1449 3166 1569 3209 romane
1595 3169 1645 3208 re·

354 3264 428 3326 ctor,
456 3263 604 3311 nocturno
631 3263 767 3331 tempore
796 3248 906 3330 reperit
934 3248 1039 3308 tacitos
1062 3244 1149 3322 iures,
1171 3246 1247 3309 idest
1275 3245 1342 3308 illos
1373 3244 1486 3330 legatos
1512 3245 1645 3309 catelline

356 3349 407 3433 q'ui
428 3362 570 3410 venerant
591 3364 624 3410 ut
646 3348 882 3410 coniurationem
904 3345 1062 3409 nefandam
1084 3345 1285 3422 affirmarent;
1307 3346 1366 3429 qni,
1381 3367 1434 3408 seu
1456 3344 1544 3421 fures,
1566 3368 1645 3430 para·

355 3447 425 3510 bant
445 3467 581 3530 suprema
604 3463 633 3509 et
656 3446 760 3509 ultima
782 3444 840 3508 lata
862 3445 952 3523 silvis,
967 3447 1042 3509 idest
1063 3445 1232 3509 civitatibus
1253 3444 1485 3529 obsequentibus
1502 3466 1600 3522 rome;
1616 3463 1645 3509 ct

351 3546 443 3631 fregit
462 3544 545 3622 tollo,
566 3566 618 3608 seu
640 3563 740 3629 pastor
761 3550 894 3630 Argutus
915 3546 1003 3630 fregit
1023 3546 1099 3609 colla
1121 3548 1163 3609 sic
1186 3548 1309 3621 atteritis,
1330 3544 1407 3606 idest
1427 3547 1497 3628 ipsis
1519 3546 1646 3630 prodito-

356 3645 435 3709 ribus
455 3665 531 3729 quos
552 3645 713 3708 suffocatos
734 3644 846 3729 laqueis
867 3648 896 3709 in
919 3647 991 3729 tnaq'
1014 3647 1118 3727 deiecti
1142 3663 1221 3709 sunt.
1236 3682 1256 3694 -
1278 3647 1364 3707 lossii
1384 3652 1434 3706 tna
1455 3646 1571 3714 desiero.
1592 3667 1644 3709 seu

354 3745 491 3823 ofrater,
513 3745 617 3809 effudit
638 3745 718 3809 hunc
747 3761 869 3830 pontem
896 3748 925 3808 in
948 3745 1076 3808 tumidas
1104 3747 1208 3821 undas,
1230 3744 1305 3807 idest
1333 3745 1439 3808 dedisti
1461 3766 1529 3807 eum
1551 3748 1644 3809 ruine.

353 3848 421 3930 Ego
442 3844 550 3931 loquor
570 3860 640 3908 nota
662 3845 725 3927 tibj3
746 3845 832 3908 dico:
854 3844 956 3930 effatdil
976 3852 1025 3906 tata
1045 3845 1154 3907 desiero
1175 3846 1257 3918 branc,
1280 3864 1332 3907 seu
1354 3860 1494 3928 pontem;
1509 3845 1576 3907 datm
1597 3868 1643 3907 rra·

353 3966 412 4009 cm
436 3954 576 4031 properos
604 3944 699 4022 arichi,
727 3952 753 4007 cl
779 3944 831 4007 libi
858 3953 883 4007 et
903 3947 992 4007 aratri
1002 3965 1014 4018 ,·
1034 3946 1106 4007 dum
1127 3964 1216 4007 noces
1246 3944 1396 4028 gregibus,
1419 3944 1493 4007 idest
1514 3944 1642 4028 populis,

353 4066 442 4109 noces
462 4045 554 4123 silvis,
575 4047 650 4108 idest
670 4043 850 4121 civitatibus,
872 4065 964 4106 rome.
985 4079 1005 4092 -
1025 4044 1074 4107 scri
1094 4045 1194 4129 iurgia
1215 4045 1320 4105 arricta!
1340 4043 1417 4105 idest
1444 4044 1566 4128 dimicto
1588 4043 1644 4107 laec

354 4144 443 4207 verba
458 4146 597 4230 iurgiosa.
611 4179 632 4192 -
647 4144 699 4217 bic,
714 4164 765 4206 seu
782 4163 867 4226 pons,
881 4142 971 4206 modo
989 4145 1085 4227 poscit
1106 4160 1238 4206 nostram
1260 4162 1359 4226 opem,
1381 4163 1433 4205 seu
1455 4140 1491 4205 ad
1514 4164 1581 4205 eum
1604 4163 1644 4205 re·

356 4244 566 4329 superandum,
588 4245 723 4328 quamtis
737 4244 800 4306 siue
814 4245 947 4319 comino,
968 4242 1043 4305 idest
1065 4241 1279 4306 lamentatione
1301 4257 1330 4305 et
1351 4243 1563 4305 contemtione.
1585 4263 1646 4305 oon

358 4366 461 4408 recuso
482 4359 582 4407 tecum
604 4343 740 4407 tollerare
762 4359 875 4425 partem
895 4341 1055 4418 honorum,
1078 4342 1153 4405 idest
1174 4358 1288 4426 partem
1304 4363 1510 4425 expensarum.
1530 4342 1575 4405 rld
1590 4364 1647 4426 que

359 4447 470 4520 omnia,
492 4444 660 4527 Respondet
681 4445 798 4526 Apitius
819 4444 860 4505 sic
881 4442 1000 4504 dicens:
1016 4448 1066 4503 lant
1082 4440 1166 4527 longa
1188 4441 1365 4527 superbiano
1386 4441 1485 4518 frater,
1505 4443 1648 4526 compulit

358 4565 410 4609 seu
433 4565 481 4607 me
502 4546 532 4607 in
560 4543 681 4617 lacinus,
704 4544 777 4606 idest
805 4542 840 4604 ad
869 4541 926 4604 hoc
955 4540 1131 4603 laciendum.
1161 4563 1263 4604 verum
1288 4563 1339 4626 per
1366 4562 1397 4604 se
1425 4541 1521 4604 brevis
1542 4542 1648 4621 cimba,

359 4646 433 4707 idest
457 4643 551 4707 brevis
581 4642 725 4717 naucula,
755 4657 798 4704 est
826 4642 928 4717 flutio,
950 4643 1025 4704 idest
1048 4643 1077 4703 in
1099 4643 1163 4725 ipsu
1185 4642 1315 4703 tiberino
1332 4642 1454 4702 tusto.
1472 4640 1580 4698 exosos
1596 4639 1671 4690 uteo

357 4744 462 4808 habilis
484 4743 594 4808 volenti
616 4745 748 4817 transire,
771 4743 847 4808 idest
867 4741 947 4809 ultra
968 4742 1114 4809 dusiunt.
1135 4778 1156 4791 -
1178 4764 1231 4806 aus
1251 4741 1345 4804 bra-ue
1358 4746 1449 4799 tone
1461 4732 1596 4813 beautron
1611 4729 1701 4793 stipes
