4125 5217
420 399 480 465 ¹⁴0
919 379 1067 442 amomo
1091 393 1197 440 nvem

418 528 722 544 ffl-

416 651 657 765 Quunquam
689 654 783 765 quid
814 652 951 762 reliqui
981 675 1038 736 est
1068 653 1246 735 miseris?
1279 653 1358 733 iarn
1389 650 1483 734 [alce
1513 681 1669 735 recurva

420 785 571 868 Ultima
600 810 687 864 rura
716 800 881 876 metunt,
910 781 1016 886 graia
1045 807 1121 886 qua
1151 799 1282 860 vectus
1311 777 1358 860 ab
1387 806 1455 860 ura

420 914 723 1017 Marmoreoque
753 935 898 990 novam
928 907 1137 1010 designans
1167 904 1291 988 limite
1319 905 1472 1000 sileam,

419 1038 555 1122 Inclita
585 1034 819 1142 magnificus
851 1034 982 1141 posuit
1011 1030 1183 1114 confinia
1213 1051 1354 1140 pastor.

206 1173 289 1259 Tire.
376 1165 591 1278 gratioris,
622 1161 691 1244 ah!
722 1161 903 1253 demens;
935 1187 1026 1242 num
1056 1159 1157 1241 iusta
1185 1179 1222 1241 et
1250 1187 1332 1240 sera
1361 1179 1550 1242 metentes

423 1294 600 1375 Pastores
631 1288 716 1372 ferit
745 1290 800 1384 iro
831 1289 915 1385 Dei,
947 1284 1220 1395 populumque
1250 1284 1513 1368 rebellem.....

421 1417 604 1525 Effugite,
633 1445 659 1498 o
689 1416 781 1509 ceci,
810 1440 1021 1521 securaque
1050 1413 1199 1520 poscite
1229 1438 1358 1519 regna.

205 1550 271 1636 Ph.
377 1548 504 1655 [Nee
534 1572 645 1625 mora
665 1563 747 1623 tota
768 1539 940 1650 quidem,
963 1567 1030 1622 nec
1052 1540 1129 1622 ium
1152 1537 1244 1644 iuga
1272 1538 1393 1621 tutior
1413 1567 1595 1656 usqnanu

422 1670 554 1757 Obvia
584 1687 692 1752 mors
722 1669 901 1776 prevenit
931 1667 1050 1754 enim,
1080 1687 1128 1760 et,
1158 1693 1394 1774 quoeunque
1424 1669 1642 1760 movemur,
1683 1695 1708 1744 ες

424 1796 535 1880 Mille
564 1817 671 1904 parat
700 1794 833 1876 medio
862 1792 1023 1901 laqueos
1053 1813 1090 1875 et
1119 1792 1211 1874 retia
1240 1791 1346 1875 calle.

209 1929 275 2014 Th.
380 1925 569 2032 [Accipe
598 1921 811 2005 eonsilium
842 1947 1029 2028 propere;
1061 1919 1235 2002 eumatio
1266 1947 1433 2027 namque

280 2120 283 2127 .
426 2051 546 2133 Lenta
574 2046 648 2132 suit
676 2075 830 2153 semper
857 2044 996 2129 subitis
1026 2046 1185 2128 inimica
1216 2043 1387 2154 periclis:

426 2178 527 2272 Huc,
556 2174 633 2257 huc
661 2173 778 2256 volve
807 2171 963 2265 uculos;
993 2171 1064 2255 hec
1093 2194 1149 2254 est
1179 2173 1242 2255 via
1271 2194 1370 2255 reeta
1398 2173 1483 2256 sine
1512 2173 1603 2257 ullis

425 2300 593 2405 Insidiis
624 2300 786 2407 predum
816 2298 974 2407 quidem
1004 2297 1224 2407 calcataque
1253 2300 1398 2406 paucis,
1685 2340 1712 2376 φ

425 2426 500 2510 Sed
529 2453 647 2532 super
674 2426 799 2506 aerios
829 2446 934 2506 arcto
964 2452 1039 2533 que
1068 2425 1220 2507 tramite
1249 2423 1369 2507 colles

427 2553 593 2636 Perierat
622 2572 658 2635 et
686 2553 797 2634 sistat
826 2549 970 2633 fessum
1002 2551 1041 2633 in
1072 2552 1231 2659 regione
1260 2553 1399 2660 quieta.

430 2680 511 2761 Illic
539 2680 619 2760 vita
648 2676 814 2769 habitam
846 2676 929 2758 iera
958 2677 1025 2759 sed
1055 2676 1197 2761 olentis
1227 2681 1356 2761 averni
1401 2756 1403 2758 ,

427 2802 658 2911 Sulphureis
687 2822 790 2884 stant
818 2823 955 2909 stagno
979 2802 1112 2895 uadis;
1143 2801 1196 2884 ibi
1226 2802 1350 2885 lurida
1380 2806 1517 2887 monis

426 2930 548 3036 Signa
576 2928 697 3025 vides,
728 2950 889 3037 atroque
919 2926 1057 3036 poium
1087 2930 1304 3036 nigrescere
1333 2929 1456 3013 fumo
1686 2974 1712 3014 u

430 3056 515 3136 Hos
544 3055 663 3137 evade
692 3055 819 3147 lacus;
850 3056 1026 3137 dextrum
1058 3053 1178 3137 michi
1208 3055 1351 3165 prende
1381 3085 1596 3159 caeumen„

209 3181 286 3264 ‘Pu
385 3181 578 3286 (Uinitam
609 3201 650 3263 tu
681 3209 744 3262 me
772 3208 932 3289 sequere
960 3201 996 3261 et
1025 3181 1206 3263 miserere
1235 3181 1418 3264 iuvando

428 3306 540 3402 Quin
571 3307 678 3414 prior
707 3310 731 3403 i,
761 3306 914 3390 tardum
943 3306 1139 3404 attollens,
1168 3328 1205 3390 et
1235 3310 1389 3416 porrige
1417 3306 1600 3393 dextram.

211 3431 297 3515 The.
387 3430 607 3537 [Ultimus
637 3461 679 3513 ae
709 3436 860 3541 primus
889 3434 1017 3529 odere,
1048 3434 1268 3541 pellarnque
1296 3433 1543 3543 trahamque;

430 3558 494 3639 Tu
525 3557 662 3655 modo,
693 3588 762 3641 nec
793 3559 902 3642 labor
930 3559 1087 3657 officiat,
1117 3559 1187 3644 tibi
1216 3562 1326 3644 solus
1356 3561 1498 3645 adesto

500 3888 532 3938 V.
554 3900 605 3951 77:
626 3888 685 3940 ium.
705 3917 713 3928 -
733 3889 765 3939 V.
784 3890 834 3940 82:
852 3889 903 3941 dei.
923 3918 932 3929 ·
954 3889 986 3945 V.
1005 3889 1052 3952 98:
1073 3890 1123 3941 Nel
1150 3891 1208 3941 cod.
1227 3892 1303 3947 vm.
1327 3893 1360 3943 G.
1388 3902 1412 3954 7.
1438 3892 1506 3944 della
1533 3894 1597 3950 Noz.
1615 3893 1643 3945 di
1661 3895 1712 3946 Na·

427 3978 480 4044 poli
500 3978 521 4028 si
550 3978 674 4029 riseonrra
693 3979 717 4029 la
737 3979 867 4032 veriante:
890 3980 982 4046 «Quin
1003 3980 1074 4047 prior
1093 3981 1105 4031 I
1125 3998 1229 4032 sensum
1248 3981 1367 4034 attollens
1385 3993 1410 4035 et
1429 3983 1531 4052 porrige
1554 3986 1713 4045 (iterumn

427 4068 473 4121 cfr.
492 4085 550 4137 pag.
575 4081 614 4131 17.
