4125 5217
818 415 849 466 li.
871 416 1059 466 tucottcult
1083 417 1212 466 cntttttx

570 672 654 747 cod.
675 675 760 767 Nap.

411 805 472 875 iilis
481 804 543 859 vlsls
560 821 610 874 que
628 803 656 858 ln
674 803 733 857 libri
745 803 881 857 cuiuslibet
893 804 963 873 prin·

376 896 444 967 elpio
470 897 641 967 requiruntur,
668 896 803 948 soiumorlo
831 896 906 948 venio
930 897 965 948 ad

377 986 574 1041 doelaratlouant
591 986 676 1039 titulis
693 974 786 1039 dieitur
804 987 888 1054 primo
900 986 966 1039 sran-

378 1077 469 1140 elaurs,
487 1076 560 1147 quari
578 1075 680 1129 francus
697 1086 724 1129 et
742 1077 807 1129 liber
834 1079 867 1129 ab
893 1077 966 1130 niani

380 1168 535 1222 artitudine
565 1167 703 1227 uitiorum
733 1168 866 1235 petrarcha
893 1168 967 1236 quusi

380 1268 460 1328 petra.
478 1258 496 1312 l.
515 1257 644 1311 firmitudo
661 1268 688 1311 et
704 1258 789 1311 archa
802 1276 823 1309 s.
843 1258 967 1326 sapientie

380 1359 407 1403 et
423 1347 504 1418 lpsius
522 1348 652 1409 thesauri:
669 1358 745 1417 poeta
762 1349 855 1402 dicitur
873 1349 967 1418 apulo,

380 1438 409 1493 ltl
418 1438 488 1493 loen
499 1439 620 1509 estquod
633 1438 712 1507 nugo,
724 1439 785 1508 quia
800 1449 874 1508 poete
892 1457 968 1492 unarn

381 1546 435 1584 rear
454 1530 554 1599 tingunt
581 1539 607 1583 et
633 1529 709 1582 allant
737 1530 890 1598 inteligunt:
919 1532 969 1582 lau·

382 1629 467 1674 tulus
484 1620 545 1689 qula
556 1620 789 1673 -hsbuitnomnsn
808 1621 871 1685 laurj
891 1640 906 1671 s
926 1622 970 1673 ‹lo-
987 1649 991 1655 ‚

383 1710 454 1765 aaloo
471 1713 574 1765 rulterto
591 1713 625 1765 de
643 1711 728 1781 apulia
745 1728 798 1765 ecc.

1105 807 1202 856 Auctor
1229 802 1276 856 init
1302 803 1395 857 Franc.
1425 804 1561 857 Petrarcha
1586 815 1661 873 poeta

1069 894 1205 947 laurentus.
1233 895 1263 951 F.
1290 895 1384 947 dicitur
1412 895 1545 964 propriant
1575 907 1664 947 notan-

1069 986 1141 1038 dum.
1160 986 1192 1036 Et
1209 984 1272 1037 dicit
1290 985 1451 1048 franciscus,
1469 986 1543 1054 quasi
1562 986 1662 1039 ireneus

1070 1085 1096 1127 et
1114 1074 1179 1127 iiber
1196 1075 1230 1127 ab
1247 1075 1319 1127 omni
1337 1075 1458 1129 vitiorum
1477 1076 1607 1138 servitute,
1626 1077 1663 1130 uti

1071 1165 1178 1218 illurnis
1190 1177 1267 1234 pocta
1280 1168 1406 1219 Dauus...
1419 1166 1513 1219 dicitur
1531 1167 1665 1235 petrarcha

1072 1256 1146 1325 qnasi
1164 1266 1237 1325 petra
1253 1267 1279 1309 et
1298 1257 1392 1317 archs:
1412 1268 1493 1325 petra.
1513 1256 1531 1310 i.
1551 1258 1621 1309 basis
1639 1269 1665 1311 et

1073 1346 1270 1407 firmamentum,
1288 1348 1366 1399 archa
1384 1347 1486 1409 dicitur.
1512 1347 1585 1416 quasi
1604 1365 1665 1400 con·

1074 1437 1158 1490 linens
1177 1438 1348 1505 saplentiarnr
1366 1438 1429 1492 dicit
1447 1448 1551 1507 poetas
1569 1438 1666 1507 proles-

1074 1530 1147 1582 s'tone
1165 1529 1238 1591 eiusr
1256 1529 1349 1583 dicitur
1368 1530 1513 1583 laureatur
1533 1530 1585 1582 iste
1597 1529 1667 1581 enirn

1070 1630 1150 1689 poeta
1168 1620 1215 1673 luit
1243 1621 1371 1674 laureatus
1399 1639 1432 1673 eo
1458 1622 1529 1689 quoti
1556 1620 1668 1673 hurearn

1074 1710 1123 1764 luit
1140 1720 1287 1773 usecutusr
1306 1714 1339 1765 de
1357 1711 1515 1765 laureatione
1527 1711 1619 1764 elicitur
1631 1710 1669 1763 in·

1076 1800 1166 1856 ierlus.

910 2053 1142 2147 egilan

420 2291 545 2346 war:
562 2309 611 2362 pru
628 2309 681 2362 quo
699 2291 832 2346 scleodtun
850 2294 922 2363 quud
933 2295 976 2347 be-

387 2399 467 2437 ma
483 2393 523 2437 eal
535 2383 605 2437 lacus
616 2383 721 2453 quidum
732 2384 889 2436 clarissimus
909 2384 976 2437 inter

387 2471 496 2527 heisten
508 2485 535 2528 et
546 2491 676 2536 veronam.
690 2474 717 2527 in
730 2492 782 2544 quo
794 2476 913 2527 oriuntur
924 2492 977 2527 cnr-

388 2561 478 2632 ssooas
496 2563 556 2617 boni
586 2564 677 2634 pisces,
705 2564 749 2633 qui
777 2565 847 2617 lacus
871 2578 977 2633 generat

388 2653 507 2708 atlutlutn
526 2655 620 2708 flumen
638 2656 817 2717 clarissimum,
844 2656 914 2724 quorl
941 2658 978 2708 di·

1114 2295 1226 2347 &nnus
1243 2293 1288 2363 qui
1306 2303 1347 2346 est
1364 2294 1435 2346 lacus
1453 2293 1522 2360 apurl
1543 2291 1671 2345 cirinum

1048 2383 1050 2386 ’
1079 2384 1130 2452 alpi
1153 2385 1281 2446 exoriens,
1308 2394 1333 2437 et
1360 2394 1401 2437 est
1425 2384 1501 2436 ualde
1523 2383 1629 2451 pulcher
1647 2394 1673 2436 et

1079 2486 1119 2528 est
1136 2475 1306 2545 longitudinis
1324 2476 1428 2528 xxxtt
1442 2474 1535 2527 miliari
1546 2482 1572 2527 et
1583 2483 1623 2526 est
1636 2474 1672 2526 ibi

1080 2566 1173 2618 brissia
1191 2576 1217 2619 et
1235 2583 1338 2628 verona,
1357 2577 1383 2619 et
1401 2566 1429 2618 in
1448 2566 1500 2619 fine
1518 2564 1621 2629 aui,ubi
1633 2566 1673 2617 in·

1080 2656 1143 2724 cipit
1160 2657 1297 2717 declinare.
1310 2657 1416 2709 efficitur
1426 2674 1458 2709 ex
1476 2673 1509 2708 eo
1527 2657 1619 2711 fluuius
1629 2655 1675 2725 qui

389 2760 507 2798 acurrens
526 2746 617 2798 transit
643 2762 689 2815 per
717 2747 849 2799 Mantuam
876 2747 909 2799 de
927 2764 978 2816 qua

388 2832 437 2888 luit
453 2834 510 2905 ipae
529 2836 653 2906 vlrgilius.

1082 2760 1186 2801 vocatur
1204 2747 1310 2800 mintius
1329 2757 1356 2800 et
1374 2748 1469 2799 labitur
1496 2762 1578 2815 prope
1605 2764 1676 2800 man·

1082 2847 1180 2892 tuam...
1196 2849 1223 2892 et
1243 2838 1271 2890 in
1289 2838 1340 2891 lsto
1357 2838 1415 2891 lacu
1430 2838 1567 2907 upiuntur
1584 2838 1675 2907 optirni

1081 2928 1175 2998 plasea.
1193 2947 1215 2982 a.
1232 2930 1376 2998 αφίοιια.

477 3159 494 3232 I
516 3159 660 3232 ruffronti
681 3184 749 3233 non
772 3161 963 3254 potrebbero
985 3186 1092 3231 essere
1115 3165 1169 3255 piit
1192 3162 1377 3256 eloquenti;
1401 3187 1455 3232 tna
1471 3186 1538 3232 non
1555 3161 1677 3232 credasi

389 3270 468 3362 perb
483 3269 543 3340 che
558 3268 580 3339 il
596 3290 849 3340 commentatore
864 3272 936 3339 siasi
950 3290 1093 3340 attenuto
1110 3294 1236 3363 sempre
1252 3290 1473 3341 strettamente
1489 3296 1506 3339 a
1524 3272 1558 3340 B.
1572 3270 1677 3341 Corne

390 3375 434 3450 lto
457 3399 631 3450 accennato
655 3378 786 3464 altrove,
810 3377 832 3448 il
856 3399 1043 3449 commento
1066 3381 1185 3471 attinge
1210 3380 1311 3449 anche
1335 3405 1353 3450 a
1375 3378 1485 3473 quello
1509 3381 1620 3449 scritto
1639 3380 1679 3449 da

391 3507 478 3559 certo
493 3488 620 3582 Angeia
640 3488 731 3574 Cola,
754 3491 868 3581 ignoto
893 3513 986 3559 conte
1008 3489 1186 3559 l’anoninto
1210 3488 1417 3581 postillatore,
1442 3489 1514 3573 che,
1538 3488 1678 3557 volendo

390 3616 555 3668 sostenere
579 3598 789 3689 un’opinione
805 3601 961 3668 contrariu
984 3623 1002 3668 a
1026 3597 1129 3691 quella
1145 3597 1196 3667 del
1220 3622 1280 3667 suo
1304 3618 1456 3683 maestro,
1473 3620 1508 3667 ce
1526 3620 1566 3665 ne
1582 3595 1678 3666 rivela

390 3704 536 3775 itnome.
553 3706 579 3776 Il
603 3726 790 3776 commento
813 3706 903 3776 serba
919 3707 1069 3801 adunque
1092 3707 1121 3775 la
1145 3732 1201 3776 sua
1217 3709 1378 3798 impronta
1402 3704 1568 3798 originale,
1586 3729 1680 3775 come

390 3816 417 3884 si
440 3816 506 3908 pu'o
528 3814 643 3884 vedere
667 3815 749 3884 nelle
773 3815 879 3908 glosse
903 3815 984 3885 delle
1009 3818 1111 3907 prime
1135 3819 1250 3908 cinque
1274 3815 1413 3907 egloghe
1437 3814 1480 3902 (le
1505 3814 1572 3884 sole
1591 3837 1680 3884 cont-

391 3931 543 4011 mentate)
566 3947 585 3992 e
608 3924 834 4017 specialntente
858 3923 1013 4010 dellt113
1038 3925 1066 3993 la
1090 3924 1193 4017 quale,
1218 3925 1370 4017 parlando
1398 3924 1430 3994 di
1463 3925 1678 3994 avvenimenti

391 4033 446 4126 piit
477 4034 574 4102 vicini
608 4031 648 4102 ed
684 4036 882 4103 interessanti
923 4034 951 4101 al
987 4034 1194 4125 postillatore,
1233 4034 1330 4104 risela
1369 4036 1462 4125 copia
1501 4032 1533 4103 di
1574 4056 1680 4102 nuove

391 4140 626 4227 dilucidazioni,
650 4166 718 4212 non
748 4166 843 4212 senza
866 4142 925 4212 che
948 4146 981 4211 vi
1013 4142 1155 4214 facciano
1180 4144 1328 4236 capolino
1359 4143 1461 4213 molte
1486 4141 1559 4211 frasi
1588 4141 1620 4212 di
1644 4143 1680 4225 B,
1711 4156 1714 4162 '

392 4251 463 4321 anzi
486 4250 620 4345 qualche
644 4252 748 4323 intcro
772 4250 915 4342 periodo.
940 4253 1043 4323 Posso
1067 4252 1216 4347 adunque
1240 4252 1432 4344 raccogliere
1457 4251 1485 4320 le
1510 4250 1571 4333 fila,
1596 4276 1613 4319 e
1643 4250 1682 4320 da

393 4381 514 4452 quanto
537 4363 644 4453 esposi
669 4360 883 4430 dirittantettte
907 4362 1142 4431 conciriudure:

839 4490 874 4558 B.
898 4488 952 4582 (-1-
981 4487 1109 4578 Angelo
1133 4487 1225 4575 Coln)

518 4700 522 4708 -
622 4750 624 4754 .
682 4668 765 4738 cod.
790 4621 830 4740 v.
857 4669 891 4740 ιῑ.
917 4672 960 4759 ⁴8
985 4584 1063 4739 nial.
1089 4672 1167 4739 Nn.
1193 4670 1223 4737 n
1248 4670 1377 4761 sapon.
