4125 5217
422 369 482 451 158
927 381 1076 431 aurostu
1099 382 1205 430 arasa

419 651 575 756 Nempe
604 644 781 729 hesterna
810 644 891 727 dies
921 643 1000 726 ulla
1029 645 1163 751 nequit
1192 666 1268 727 arte
1298 646 1459 735 reverti;

422 777 532 858 blors
561 775 698 857 adimit
728 801 850 868 curas,
882 799 989 854 mors
1018 773 1154 854 omnia
1183 771 1310 854 vincla
1339 772 1509 854 resolvit.

252 890 269 969 ⁶·
377 884 504 990 (llam
534 903 627 984 satis
656 922 712 983 est
743 898 891 993 fletum,
923 921 1079 980 nostros
1110 926 1215 980 mors
1246 896 1357 1002 fregit
1388 926 1554 979 artuues.

423 1029 692 1134 fregissetque
723 1027 872 1107 utinam
905 1046 1062 1106 nostros
1093 1051 1200 1105 mors
1229 1050 1327 1131 equa
1356 1021 1534 1105 labores!

421 1154 608 1261 Sperasi;
641 1181 762 1259 prope
792 1180 882 1233 nam
912 1151 1382 1258 steterat;·miseramque
1413 1148 1558 1231 l'el'ellit.

226 1268 269 1346 '-
378 1263 540 1373 (ll-'ito
569 1278 637 1363 sed
667 1276 813 1371 infelix,
843 1298 880 1358 et
910 1277 1036 1359 luctus
1065 1304 1197 1366 servor
1226 1276 1417 1364 inomcs.

424 1406 607 1487 Parcius!
640 1404 695 1485 En
726 1403 815 1486 levo
845 1403 965 1486 tristis
994 1401 1063 1484 tibi
1097 1401 1258 1510 fulgida
1286 1400 1380 1483 calle

424 1531 607 1625 Advenit,
636 1551 673 1613 et
702 1531 816 1612 tacita
846 1530 1008 1636 castigat
1039 1528 1164 1612 fronte
1193 1526 1378 1637 querelas.

205 1660 286 1743 Ful.
378 1657 547 1766 [Quid
579 1658 717 1740 misere
746 1664 910 1765 ceceque
939 1657 1074 1750 animi,
1104 1654 1411 1738 mortalia‘lletis
1627 1708 1630 1714 ·
1686 1696 1710 1734 a

424 1785 528 1866 Tam
558 1786 755 1891 graviter?
785 1782 898 1882 Quid
928 1781 1008 1878 lles,
1027 1783 1199 1890 Niobe?
1229 1783 1341 1881 Quin
1372 1785 1499 1892 incipe
1529 1785 1647 1867 uitam

424 1909 531 1991 Scire
561 1910 652 2016 pati,
682 1937 958 2017 quamcunque
987 1906 1091 1990 dedit
1119 1936 1204 1990 sors
1234 1907 1328 1990 dura
1358 1898 1552 2018 dabitque.

425 2036 471 2118 Et
502 2064 565 2118 me
594 2055 749 2143 torquet
778 2062 903 2131 amor,
933 2033 1202 2142 desiderioque
1232 2064 1412 2118 meorum

424 2163 676 2243 Pcrrnoveor.
706 2160 783 2243 Sed
813 2160 908 2270 quid
937 2159 1084 2242 facias?
1114 2163 1234 2243 Arma
1262 2163 1367 2244 irrita
1396 2161 1519 2245 calces

425 2287 624 2370 Adversus
652 2286 886 2379 stimulorm
917 2287 1058 2370 melior
1074 2288 1269 2394 'patientia
1297 2288 1464 2395 pressis;

427 2412 555 2496 Multa
583 2412 658 2496 sibi
687 2412 776 2495 lacit
807 2413 890 2520 ipse
919 2414 1073 2495 animus
1103 2413 1248 2497 leviora
1277 2412 1447 2497 serendo

426 2538 540 2637 Quid
569 2542 757 2646 gemitis?
788 2541 980 2622 Moritura
1010 2539 1081 2622 luit
1111 2540 1320 2633 Galatltea;
1351 2541 1532 2649 deinceps

428 2664 668 2746 Immortalis
698 2667 778 2747 erit.
811 2667 977 2773 Proprio
1007 2666 1197 2747 tabescere
1226 2665 1372 2747 damno

427 2792 523 2873 Non
553 2815 687 2873 amon·
707 2791 879 2874 Alterius
908 2813 1054 2875 sortem
1080 2792 1214 2899 lugere
1243 2791 1453 2874 secundam

427 2915 579 2998 Invidia
608 2938 676 2999 est.
707 2918 915 3015 Quantum
946 2918 1061 3001 nobis
1089 2919 1303 3016 decesserit,
1332 2946 1471 3000 omnes
1524 2954 1527 2960 ·

427 3042 597 3138 Scimus
628 3063 665 3144 et
694 3045 849 3149 ingrato
878 3068 1068 3153 quantum
1098 3045 1301 3128 decesserit
1329 3044 1441 3138 orbi;

427 3166 504 3249 Sed
535 3167 707 3250 ierimus.
739 3171 821 3251 Vos
851 3169 1027 3266 desinite,
1058 3200 1100 3253 ae
1129 3171 1292 3255 meliora
1319 3192 1517 3254 tenentem

428 3293 635 3400 Suspicite,
665 3316 702 3378 et
730 3294 859 3377 celum
889 3299 997 3378 terris
1026 3318 1157 3404 optate
1187 3298 1340 3381 relictis.

210 3418 278 3498 liu.
387 3418 603 3522 ([l³abula!
635 3420 739 3517 Quis
770 3421 841 3503 alis
872 3422 998 3504 celum
1028 3426 1219 3507 terrestria
1248 3425 1469 3532 prendent?

209 3541 290 3622 Ful.
385 3543 627 3647 [Etbereim
658 3548 713 3627 sic
742 3568 839 3629 terra
867 3577 997 3645 suum,
1027 3552 1082 3631 sic
1111 3572 1209 3634 astra
1239 3575 1457 3660 reposcunt.

208 3668 276 3748 Fu.
385 3669 647 3773 [Credulitas
676 3671 835 3779 vulgata
863 3675 1048 3783 quidem;
1080 3706 1151 3759 nus
1181 3699 1280 3761 certa
1309 3680 1533 3787 probamus

208 3791 291 3873 Ful.
384 3794 565 3900 (ffusca,
597 3797 694 3880 locis
724 3801 815 3882 imis
845 3799 1019 3895 babitas;
1050 3832 1124 3885 nos
1152 3833 1308 3887 summa
1337 3827 1528 3905 tenemus,

428 3922 475 4005 Et
505 3922 577 4004 celi
607 3944 779 4034 terreque
805 3926 929 4009 ¹situm
958 3929 1206 4036 speculamur
1235 3931 1281 4013 ab
1312 3931 1404 4015 alto

207 4045 277 4125 Ni.
382 4047 627 4156 ssrlmbages
656 4071 801 4133 veteres
830 4072 867 4133 et
897 4053 1143 4136 inenodabile
1173 4086 1309 4139 verum

425 4174 584 4269 Mittite,
613 4196 649 4256 et
680 4176 870 4283 integram
902 4182 1073 4261 venturis
1102 4182 1236 4264 tradite
1267 4182 1386 4266 litem.
1452 4225 1454 4228 ’

426 4298 605 4408 Fulgida,
635 4304 729 4409 quin
760 4305 893 4412 potius
924 4305 1081 4416 (llusas
1111 4337 1200 4391 nam
1232 4312 1362 4392 noscis
1391 4316 1581 4423 agrestes)

426 4427 501 4508 Dic
529 4428 687 4510 titulum
718 4428 847 4526 busto,
878 4431 1019 4584 relegat
1050 4462 1165 4541 quem
1195 4438 1318 4518 serior
1348 4460 1440 4520 etas

496 4629 526 4681 b.
545 4641 596 4695 53:
616 4629 750 4698 lulgirnla
771 4633 801 4683 l'.
821 4631 870 4684 56:
892 4636 1003 4685 niobe..
1016 4637 1132 4702 .quinu
1124 4637 1184 4693 stt.
1204 4649 1249 4702 59:
1269 4657 1385 4690 arnam·
1371 4642 1438 4693 ·b.
1459 4645 1508 4694 6.:
1536 4645 1694 4696 ruoritura..

394 4714 565 4778 galathea.-
589 4721 682 4789 1263.-
699 4726 903 4794 proprio-b.
924 4728 976 4794 76:
997 4746 1093 4782 tnusas
