<?xml version="1.0" encoding="UTF-8"?>
<!DOCTYPE html PUBLIC "-//W3C//DTD XHTML 1.0 Transitional//EN"
    "http://www.w3.org/TR/xhtml1/DTD/xhtml1-transitional.dtd">
<html xmlns="http://www.w3.org/1999/xhtml" xml:lang="en" lang="en">
 <head>
  <title>
</title>
<meta http-equiv="Content-Type" content="text/html;charset=utf-8" />
  <meta name='ocr-system' content='tesseract 3.04.00' />
  <meta name='ocr-capabilities' content='ocr_page ocr_carea ocr_par ocr_line ocrx_word'/>
</head>
<body>
  <div class='ocr_page' id='page_1' title='image "./ilbucolicumcarm00avengoog_0131.png"; bbox 0 0 4125 5217; ppageno 0'>
   <div class='ocr_carea' id='block_1_1' title="bbox 834 381 1229 433">
    <p class='ocr_par' dir='ltr' id='par_1_1' title="bbox 834 381 1229 433">
     <span class='ocr_line' id='line_1_1' title="bbox 834 381 1229 433; baseline 0.003 -1"><span class='ocrx_word' id='word_1_1' title='bbox 834 383 865 432; x_wconf 81' lang='lat' dir='ltr'>ll.</span> <span class='ocrx_word' id='word_1_2' title='bbox 889 381 1075 431; x_wconf 78' lang='lat' dir='ltr'>sucottcust</span> <span class='ocrx_word' id='word_1_3' title='bbox 1099 383 1229 433; x_wconf 68' lang='lat' dir='ltr'>cntttrutt</span> 
     </span>
    </p>
   </div>
   <div class='ocr_carea' id='block_1_2' title="bbox 387 516 881 534">
    <p class='ocr_par' dir='ltr' id='par_1_2' title="bbox 387 516 881 534">
     <span class='ocr_line' id='line_1_2' title="bbox 387 516 881 534; baseline -0.006 -2"><span class='ocrx_word' id='word_1_4' title='bbox 387 516 881 534; x_wconf 55' lang='lat' dir='ltr'>—m</span> 
     </span>
    </p>
   </div>
   <div class='ocr_carea' id='block_1_3' title="bbox 182 642 1684 4534">
    <p class='ocr_par' dir='ltr' id='par_1_3' title="bbox 182 642 1684 4534">
     <span class='ocr_line' id='line_1_3' title="bbox 389 642 1464 752; baseline -0.005 -21"><span class='ocrx_word' id='word_1_5' title='bbox 389 646 559 731; x_wconf 87' lang='lat' dir='ltr'>Pandere</span> <span class='ocrx_word' id='word_1_6' title='bbox 588 644 672 727; x_wconf 85' lang='lat' dir='ltr'>vela</span> <span class='ocrx_word' id='word_1_7' title='bbox 701 642 847 740; x_wconf 89' lang='lat' dir='ltr'>nothis,</span> <span class='ocrx_word' id='word_1_8' title='bbox 876 643 1046 727; x_wconf 91' lang='lat' dir='ltr'>tumidas</span> <span class='ocrx_word' id='word_1_9' title='bbox 1075 660 1219 725; x_wconf 90' lang='lat' dir='ltr'>tentare</span> <span class='ocrx_word' id='word_1_10' title='bbox 1249 642 1464 752; x_wconf 90' lang='lat' dir='ltr'>procellas;</span> 
     </span>
     <span class='ocr_line' id='line_1_4' title="bbox 392 768 1470 878; baseline -0.006 -21"><span class='ocrx_word' id='word_1_11' title='bbox 392 774 503 857; x_wconf 81' lang='lat' dir='ltr'>Uxor</span> <span class='ocrx_word' id='word_1_12' title='bbox 529 772 636 855; x_wconf 92' lang='lat' dir='ltr'>enim</span> <span class='ocrx_word' id='word_1_13' title='bbox 667 770 814 878; x_wconf 87' lang='lat' dir='ltr'>ignotis</span> <span class='ocrx_word' id='word_1_14' title='bbox 845 770 1076 877; x_wconf 83' lang='lat' dir='ltr'>iampridem</span> <span class='ocrx_word' id='word_1_15' title='bbox 1106 771 1146 852; x_wconf 94' lang='lat' dir='ltr'>in</span> <span class='ocrx_word' id='word_1_16' title='bbox 1175 768 1343 852; x_wconf 91' lang='lat' dir='ltr'>collibus</span> <span class='ocrx_word' id='word_1_17' title='bbox 1373 790 1470 852; x_wconf 88' lang='lat' dir='ltr'>errat</span> 
     </span>
     <span class='ocr_line' id='line_1_5' title="bbox 389 894 1534 1007; baseline -0.003 -24"><span class='ocrx_word' id='word_1_18' title='bbox 389 901 447 996; x_wconf 83' lang='lat' dir='ltr'>Et,</span> <span class='ocrx_word' id='word_1_19' title='bbox 478 898 647 1007; x_wconf 90' lang='lat' dir='ltr'>patrium</span> <span class='ocrx_word' id='word_1_20' title='bbox 675 896 796 980; x_wconf 90' lang='lat' dir='ltr'>limen</span> <span class='ocrx_word' id='word_1_21' title='bbox 826 894 1122 1004; x_wconf 81' lang='lat' dir='ltr'>thalamumque</span> <span class='ocrx_word' id='word_1_22' title='bbox 1151 925 1304 1003; x_wconf 88' lang='lat' dir='ltr'>egressa</span> <span class='ocrx_word' id='word_1_23' title='bbox 1333 896 1534 1005; x_wconf 88' lang='lat' dir='ltr'>pudicum,</span> 
     </span>
     <span class='ocr_line' id='line_1_6' title="bbox 386 1021 1471 1133; baseline -0.005 -23"><span class='ocrx_word' id='word_1_24' title='bbox 386 1025 458 1110; x_wconf 89' lang='lat' dir='ltr'>Illa</span> <span class='ocrx_word' id='word_1_25' title='bbox 486 1043 667 1133; x_wconf 89' lang='lat' dir='ltr'>sequetur</span> <span class='ocrx_word' id='word_1_26' title='bbox 695 1051 817 1105; x_wconf 88' lang='lat' dir='ltr'>ovans</span> <span class='ocrx_word' id='word_1_27' title='bbox 848 1024 1027 1106; x_wconf 85' lang='lat' dir='ltr'>meretrix</span> <span class='ocrx_word' id='word_1_28' title='bbox 1056 1021 1218 1119; x_wconf 85' lang='lat' dir='ltr'>famosa,</span> <span class='ocrx_word' id='word_1_29' title='bbox 1251 1050 1471 1131; x_wconf 81' lang='lat' dir='ltr'>procosque</span> 
     </span>
     <span class='ocr_line' id='line_1_7' title="bbox 387 1148 1455 1258; baseline -0.005 -22"><span class='ocrx_word' id='word_1_30' title='bbox 387 1155 531 1236; x_wconf 88' lang='lat' dir='ltr'>Secum</span> <span class='ocrx_word' id='word_1_31' title='bbox 560 1172 647 1258; x_wconf 89' lang='lat' dir='ltr'>aget</span> <span class='ocrx_word' id='word_1_32' title='bbox 675 1149 850 1233; x_wconf 82' lang='lat' dir='ltr'>ardentes</span> <span class='ocrx_word' id='word_1_33' title='bbox 879 1171 916 1234; x_wconf 90' lang='lat' dir='ltr'>et</span> <span class='ocrx_word' id='word_1_34' title='bbox 945 1149 1094 1233; x_wconf 89' lang='lat' dir='ltr'>olentes</span> <span class='ocrx_word' id='word_1_35' title='bbox 1123 1150 1286 1258; x_wconf 84' lang='lat' dir='ltr'>turpiter</span> <span class='ocrx_word' id='word_1_36' title='bbox 1312 1148 1455 1245; x_wconf 87' lang='lat' dir='ltr'>hircos,</span> 
     </span>
     <span class='ocr_line' id='line_1_8' title="bbox 328 1273 1444 1386; baseline -0.004 -24"><span class='ocrx_word' id='word_1_37' title='bbox 328 1298 332 1305; x_wconf 86' lang='grc'><strong>’</strong></span> <span class='ocrx_word' id='word_1_38' title='bbox 389 1278 519 1362; x_wconf 85' lang='lat' dir='ltr'>Herba</span> <span class='ocrx_word' id='word_1_39' title='bbox 548 1278 746 1386; x_wconf 85' lang='lat' dir='ltr'>peregrine</span> <span class='ocrx_word' id='word_1_40' title='bbox 775 1276 919 1384; x_wconf 91' lang='lat' dir='ltr'>quibus</span> <span class='ocrx_word' id='word_1_41' title='bbox 947 1297 1004 1359; x_wconf 92' lang='lat' dir='ltr'>est</span> <span class='ocrx_word' id='word_1_42' title='bbox 1034 1278 1111 1358; x_wconf 92' lang='lat' dir='ltr'>iarn</span> <span class='ocrx_word' id='word_1_43' title='bbox 1140 1296 1249 1383; x_wconf 82' lang='lat' dir='ltr'>grata</span> <span class='ocrx_word' id='word_1_44' title='bbox 1278 1273 1444 1384; x_wconf 83' lang='lat' dir='ltr'>paludis.</span> 
     </span>
     <span class='ocr_line' id='line_1_9' title="bbox 182 1398 1514 1514; baseline 0.003 -33"><span class='ocrx_word' id='word_1_45' title='bbox 182 1400 247 1481; x_wconf 75' lang='lat' dir='ltr'>lli.</span> <span class='ocrx_word' id='word_1_46' title='bbox 347 1398 514 1505; x_wconf 65' lang='lat' dir='ltr'>maid,</span> <span class='ocrx_word' id='word_1_47' title='bbox 545 1426 662 1514; x_wconf 90' lang='lat' dir='ltr'>pater,</span> <span class='ocrx_word' id='word_1_48' title='bbox 692 1403 868 1486; x_wconf 88' lang='lat' dir='ltr'>obscuris</span> <span class='ocrx_word' id='word_1_49' title='bbox 898 1405 1053 1485; x_wconf 90' lang='lat' dir='ltr'>animos</span> <span class='ocrx_word' id='word_1_50' title='bbox 1082 1402 1313 1509; x_wconf 85' lang='lat' dir='ltr'>ambagibus</span> <span class='ocrx_word' id='word_1_51' title='bbox 1343 1402 1514 1510; x_wconf 85' lang='lat' dir='ltr'>imples?</span> 
     </span>
     <span class='ocr_line' id='line_1_10' title="bbox 390 1527 1466 1642; baseline -0.006 -27"><span class='ocrx_word' id='word_1_52' title='bbox 390 1532 606 1639; x_wconf 88' lang='lat' dir='ltr'>Longaque</span> <span class='ocrx_word' id='word_1_53' title='bbox 637 1558 741 1613; x_wconf 94' lang='lat' dir='ltr'>nunc</span> <span class='ocrx_word' id='word_1_54' title='bbox 769 1532 865 1612; x_wconf 90' lang='lat' dir='ltr'>seris</span> <span class='ocrx_word' id='word_1_55' title='bbox 893 1529 987 1642; x_wconf 87' lang='lat' dir='ltr'>quid</span> <span class='ocrx_word' id='word_1_56' title='bbox 1016 1527 1149 1612; x_wconf 91' lang='lat' dir='ltr'>litibus</span> <span class='ocrx_word' id='word_1_57' title='bbox 1179 1529 1260 1612; x_wconf 93' lang='lat' dir='ltr'>otia</span> <span class='ocrx_word' id='word_1_58' title='bbox 1289 1527 1466 1635; x_wconf 83' lang='lat' dir='ltr'>frangis?</span> 
     </span>
     <span class='ocr_line' id='line_1_11' title="bbox 392 1654 1365 1741; baseline -0.003 0"><span class='ocrx_word' id='word_1_59' title='bbox 392 1659 536 1741; x_wconf 86' lang='lat' dir='ltr'>Desine</span> <span class='ocrx_word' id='word_1_60' title='bbox 565 1660 643 1741; x_wconf 85' lang='lat' dir='ltr'>iam</span> <span class='ocrx_word' id='word_1_61' title='bbox 674 1658 808 1740; x_wconf 91' lang='lat' dir='ltr'>mestis</span> <span class='ocrx_word' id='word_1_62' title='bbox 838 1656 980 1739; x_wconf 86' lang='lat' dir='ltr'>alacres</span> <span class='ocrx_word' id='word_1_63' title='bbox 1010 1658 1198 1739; x_wconf 90' lang='lat' dir='ltr'>incessere</span> <span class='ocrx_word' id='word_1_64' title='bbox 1227 1654 1365 1738; x_wconf 89' lang='lat' dir='ltr'>verbis.</span> 
     </span>
     <span class='ocr_line' id='line_1_12' title="bbox 391 1781 1678 1892; baseline -0.003 -24"><span class='ocrx_word' id='word_1_65' title='bbox 391 1785 477 1882; x_wconf 90' lang='lat' dir='ltr'>Dic,</span> <span class='ocrx_word' id='word_1_66' title='bbox 507 1813 602 1892; x_wconf 88' lang='lat' dir='ltr'>age;</span> <span class='ocrx_word' id='word_1_67' title='bbox 633 1784 694 1867; x_wconf 86' lang='lat' dir='ltr'>dic</span> <span class='ocrx_word' id='word_1_68' title='bbox 723 1783 887 1866; x_wconf 91' lang='lat' dir='ltr'>breviter</span> <span class='ocrx_word' id='word_1_69' title='bbox 915 1783 1102 1892; x_wconf 88' lang='lat' dir='ltr'>quicquid</span> <span class='ocrx_word' id='word_1_70' title='bbox 1131 1781 1201 1867; x_wconf 89' lang='lat' dir='ltr'>lert</span> <span class='ocrx_word' id='word_1_71' title='bbox 1230 1784 1401 1890; x_wconf 90' lang='lat' dir='ltr'>impetus</span> <span class='ocrx_word' id='word_1_72' title='bbox 1430 1803 1467 1865; x_wconf 93' lang='lat' dir='ltr'>et</span> <span class='ocrx_word' id='word_1_73' title='bbox 1498 1811 1620 1865; x_wconf 87' lang='lat' dir='ltr'>mens.</span> <span class='ocrx_word' id='word_1_74' title='bbox 1638 1823 1678 1850; x_wconf 67' lang='grc' dir='ltr'>ιω</span> 
     </span>
     <span class='ocr_line' id='line_1_13' title="bbox 182 1905 1595 2018; baseline 0.001 -30"><span class='ocrx_word' id='word_1_75' title='bbox 182 1905 446 2012; x_wconf 67' lang='lat' dir='ltr'>⁹am.r..·2·t[lis</span> <span class='ocrx_word' id='word_1_76' title='bbox 476 1913 636 1995; x_wconf 90' lang='lat' dir='ltr'>meritus</span> <span class='ocrx_word' id='word_1_77' title='bbox 666 1934 756 2018; x_wconf 91' lang='lat' dir='ltr'>post</span> <span class='ocrx_word' id='word_1_78' title='bbox 784 1909 912 1992; x_wconf 83' lang='lat' dir='ltr'>vincla</span> <span class='ocrx_word' id='word_1_79' title='bbox 941 1938 1106 2005; x_wconf 89' lang='lat' dir='ltr'>crucem,</span> <span class='ocrx_word' id='word_1_80' title='bbox 1137 1929 1227 2018; x_wconf 90' lang='lat' dir='ltr'>post</span> <span class='ocrx_word' id='word_1_81' title='bbox 1255 1908 1411 1991; x_wconf 88' lang='lat' dir='ltr'>verbera</span> <span class='ocrx_word' id='word_1_82' title='bbox 1439 1908 1595 1991; x_wconf 85' lang='lat' dir='ltr'>serrum.</span> 
     </span>
     <span class='ocr_line' id='line_1_14' title="bbox 392 2033 1521 2147; baseline -0.004 -26"><span class='ocrx_word' id='word_1_83' title='bbox 392 2039 642 2147; x_wconf 86' lang='lat' dir='ltr'>Supplicium</span> <span class='ocrx_word' id='word_1_84' title='bbox 672 2037 810 2120; x_wconf 89' lang='lat' dir='ltr'>breve!</span> <span class='ocrx_word' id='word_1_85' title='bbox 841 2036 953 2133; x_wconf 91' lang='lat' dir='ltr'>Quin</span> <span class='ocrx_word' id='word_1_86' title='bbox 984 2038 1116 2143; x_wconf 90' lang='lat' dir='ltr'>potius</span> <span class='ocrx_word' id='word_1_87' title='bbox 1145 2038 1230 2119; x_wconf 89' lang='lat' dir='ltr'>sine</span> <span class='ocrx_word' id='word_1_88' title='bbox 1259 2035 1335 2118; x_wconf 90' lang='lat' dir='ltr'>fine</span> <span class='ocrx_word' id='word_1_89' title='bbox 1365 2033 1521 2118; x_wconf 88' lang='lat' dir='ltr'>dolores</span> 
     </span>
     <span class='ocr_line' id='line_1_15' title="bbox 393 2164 1473 2272; baseline -0.006 -21"><span class='ocrx_word' id='word_1_90' title='bbox 393 2167 565 2251; x_wconf 85' lang='lat' dir='ltr'>Carceris</span> <span class='ocrx_word' id='word_1_91' title='bbox 594 2168 726 2260; x_wconf 89' lang='lat' dir='ltr'>eterni,</span> <span class='ocrx_word' id='word_1_92' title='bbox 756 2165 816 2247; x_wconf 83' lang='lat' dir='ltr'>vel</span> <span class='ocrx_word' id='word_1_93' title='bbox 846 2166 878 2247; x_wconf 93' lang='lat' dir='ltr'>si</span> <span class='ocrx_word' id='word_1_94' title='bbox 908 2164 1002 2272; x_wconf 91' lang='lat' dir='ltr'>quid</span> <span class='ocrx_word' id='word_1_95' title='bbox 1030 2164 1178 2246; x_wconf 91' lang='lat' dir='ltr'>tristius</span> <span class='ocrx_word' id='word_1_96' title='bbox 1208 2190 1374 2269; x_wconf 88' lang='lat' dir='ltr'>usquam</span> <span class='ocrx_word' id='word_1_97' title='bbox 1404 2183 1473 2257; x_wconf 91' lang='lat' dir='ltr'>est,</span> 
     </span>
     <span class='ocr_line' id='line_1_16' title="bbox 393 2287 1497 2398; baseline -0.006 -22"><span class='ocrx_word' id='word_1_98' title='bbox 393 2296 510 2376; x_wconf 84' lang='lat' dir='ltr'>Serve</span> <span class='ocrx_word' id='word_1_99' title='bbox 540 2291 669 2386; x_wconf 87' lang='lat' dir='ltr'>infide,</span> <span class='ocrx_word' id='word_1_100' title='bbox 699 2289 830 2398; x_wconf 74' lang='lat' dir='ltr'>lugat,</span> <span class='ocrx_word' id='word_1_101' title='bbox 860 2290 1104 2397; x_wconf 91' lang='lat' dir='ltr'>dominoque</span> <span class='ocrx_word' id='word_1_102' title='bbox 1134 2291 1282 2395; x_wconf 86' lang='lat' dir='ltr'>ingrate</span> <span class='ocrx_word' id='word_1_103' title='bbox 1312 2287 1497 2395; x_wconf 93' lang='lat' dir='ltr'>benigno.</span> 
     </span>
     <span class='ocr_line' id='line_1_17' title="bbox 182 2411 1451 2522; baseline -0.006 -19"><span class='ocrx_word' id='word_1_104' title='bbox 182 2411 249 2492; x_wconf 68' lang='lat' dir='ltr'>»lll-</span> <span class='ocrx_word' id='word_1_105' title='bbox 350 2411 520 2518; x_wconf 78' lang='lat' dir='ltr'>([Crude</span> <span class='ocrx_word' id='word_1_106' title='bbox 549 2446 677 2513; x_wconf 82' lang='lat' dir='ltr'>senex,</span> <span class='ocrx_word' id='word_1_107' title='bbox 707 2437 854 2522; x_wconf 89' lang='lat' dir='ltr'>gestare</span> <span class='ocrx_word' id='word_1_108' title='bbox 884 2443 1050 2510; x_wconf 90' lang='lat' dir='ltr'>crucem,</span> <span class='ocrx_word' id='word_1_109' title='bbox 1080 2414 1242 2498; x_wconf 89' lang='lat' dir='ltr'>tolerare</span> <span class='ocrx_word' id='word_1_110' title='bbox 1271 2413 1451 2497; x_wconf 87' lang='lat' dir='ltr'>cathenas</span> 
     </span>
     <span class='ocr_line' id='line_1_18' title="bbox 393 2542 1483 2651; baseline -0.005 -24"><span class='ocrx_word' id='word_1_111' title='bbox 393 2546 436 2627; x_wconf 87' lang='lat' dir='ltr'>Si</span> <span class='ocrx_word' id='word_1_112' title='bbox 466 2546 602 2638; x_wconf 89' lang='lat' dir='ltr'>nescis,</span> <span class='ocrx_word' id='word_1_113' title='bbox 632 2571 717 2626; x_wconf 91' lang='lat' dir='ltr'>sors</span> <span class='ocrx_word' id='word_1_114' title='bbox 746 2545 830 2651; x_wconf 89' lang='lat' dir='ltr'>ipsa</span> <span class='ocrx_word' id='word_1_115' title='bbox 858 2566 924 2626; x_wconf 90' lang='lat' dir='ltr'>tua</span> <span class='ocrx_word' id='word_1_116' title='bbox 952 2563 1020 2626; x_wconf 88' lang='lat' dir='ltr'>est.</span> <span class='ocrx_word' id='word_1_117' title='bbox 1052 2542 1219 2650; x_wconf 92' lang='lat' dir='ltr'>Vulgata</span> <span class='ocrx_word' id='word_1_118' title='bbox 1249 2570 1316 2650; x_wconf 93' lang='lat' dir='ltr'>per</span> <span class='ocrx_word' id='word_1_119' title='bbox 1343 2570 1483 2624; x_wconf 92' lang='lat' dir='ltr'>omnes</span> 
     </span>
     <span class='ocr_line' id='line_1_19' title="bbox 394 2668 1313 2777; baseline -0.005 -23"><span class='ocrx_word' id='word_1_120' title='bbox 394 2670 539 2754; x_wconf 86' lang='lat' dir='ltr'>Fabula</span> <span class='ocrx_word' id='word_1_121' title='bbox 569 2671 643 2751; x_wconf 92' lang='lat' dir='ltr'>iam</span> <span class='ocrx_word' id='word_1_122' title='bbox 675 2669 808 2764; x_wconf 74' lang='lat' dir='ltr'>saltus</span> <span class='ocrx_word' id='word_1_123' title='bbox 839 2670 955 2751; x_wconf 86' lang='lat' dir='ltr'>Nerei</span> <span class='ocrx_word' id='word_1_124' title='bbox 984 2690 1128 2751; x_wconf 91' lang='lat' dir='ltr'>terrore</span> <span class='ocrx_word' id='word_1_125' title='bbox 1156 2668 1313 2777; x_wconf 87' lang='lat' dir='ltr'>superbi</span> 
     </span>
     <span class='ocr_line' id='line_1_20' title="bbox 393 2794 1425 2903; baseline -0.004 -22"><span class='ocrx_word' id='word_1_126' title='bbox 393 2797 625 2880; x_wconf 91' lang='lat' dir='ltr'>Destituisse</span> <span class='ocrx_word' id='word_1_127' title='bbox 654 2824 827 2903; x_wconf 88' lang='lat' dir='ltr'>gregem,</span> <span class='ocrx_word' id='word_1_128' title='bbox 858 2795 989 2878; x_wconf 81' lang='lat' dir='ltr'>medio</span> <span class='ocrx_word' id='word_1_129' title='bbox 1020 2795 1094 2878; x_wconf 87' lang='lat' dir='ltr'>nisi</span> <span class='ocrx_word' id='word_1_130' title='bbox 1124 2796 1243 2877; x_wconf 88' lang='lat' dir='ltr'>tristis</span> <span class='ocrx_word' id='word_1_131' title='bbox 1275 2794 1425 2902; x_wconf 75' lang='lat' dir='ltr'>Apollo</span> 
     </span>
     <span class='ocr_line' id='line_1_21' title="bbox 391 2922 1473 3030; baseline -0.004 -23"><span class='ocrx_word' id='word_1_132' title='bbox 391 2925 533 3007; x_wconf 88' lang='lat' dir='ltr'>Sistere</span> <span class='ocrx_word' id='word_1_133' title='bbox 562 2922 657 3005; x_wconf 91' lang='lat' dir='ltr'>calle</span> <span class='ocrx_word' id='word_1_134' title='bbox 686 2922 863 3030; x_wconf 84' lang='lat' dir='ltr'>gradum,</span> <span class='ocrx_word' id='word_1_135' title='bbox 895 2951 975 3006; x_wconf 92' lang='lat' dir='ltr'>non</span> <span class='ocrx_word' id='word_1_136' title='bbox 1006 2943 1149 3004; x_wconf 87' lang='lat' dir='ltr'>vertere</span> <span class='ocrx_word' id='word_1_137' title='bbox 1179 2943 1285 3029; x_wconf 91' lang='lat' dir='ltr'>terga</span> <span class='ocrx_word' id='word_1_138' title='bbox 1316 2922 1473 3004; x_wconf 89' lang='lat' dir='ltr'>iuberet.</span> 
     </span>
     <span class='ocr_line' id='line_1_22' title="bbox 391 3047 1472 3156; baseline -0.005 -22"><span class='ocrx_word' id='word_1_139' title='bbox 391 3052 526 3133; x_wconf 87' lang='lat' dir='ltr'>Cetera</span> <span class='ocrx_word' id='word_1_140' title='bbox 555 3078 645 3132; x_wconf 91' lang='lat' dir='ltr'>nam</span> <span class='ocrx_word' id='word_1_141' title='bbox 675 3048 786 3144; x_wconf 88' lang='lat' dir='ltr'>sileo,</span> <span class='ocrx_word' id='word_1_142' title='bbox 816 3049 982 3132; x_wconf 91' lang='lat' dir='ltr'>domino</span> <span class='ocrx_word' id='word_1_143' title='bbox 1011 3077 1130 3156; x_wconf 90' lang='lat' dir='ltr'>quarn</span> <span class='ocrx_word' id='word_1_144' title='bbox 1159 3047 1260 3131; x_wconf 90' lang='lat' dir='ltr'>fidus</span> <span class='ocrx_word' id='word_1_145' title='bbox 1290 3049 1330 3130; x_wconf 92' lang='lat' dir='ltr'>in</span> <span class='ocrx_word' id='word_1_146' title='bbox 1359 3049 1472 3131; x_wconf 88' lang='lat' dir='ltr'>arctis</span> 
     </span>
     <span class='ocr_line' id='line_1_23' title="bbox 392 3174 1380 3282; baseline -0.003 -23"><span class='ocrx_word' id='word_1_147' title='bbox 392 3175 570 3270; x_wconf 87' lang='lat' dir='ltr'>Casibus,</span> <span class='ocrx_word' id='word_1_148' title='bbox 600 3197 642 3257; x_wconf 95' lang='lat' dir='ltr'>ut</span> <span class='ocrx_word' id='word_1_149' title='bbox 672 3174 825 3282; x_wconf 88' lang='lat' dir='ltr'>possint</span> <span class='ocrx_word' id='word_1_150' title='bbox 853 3175 999 3256; x_wconf 82' lang='lat' dir='ltr'>deserte</span> <span class='ocrx_word' id='word_1_151' title='bbox 1029 3175 1229 3281; x_wconf 88' lang='lat' dir='ltr'>ignoscere</span> <span class='ocrx_word' id='word_1_152' title='bbox 1260 3175 1380 3257; x_wconf 88' lang='lat' dir='ltr'>caule.</span> 
     </span>
     <span class='ocr_line' id='line_1_24' title="bbox 182 3299 1283 3411; baseline 0.004 -31"><span class='ocrx_word' id='word_1_153' title='bbox 182 3299 283 3380; x_wconf 82' lang='lat' dir='ltr'>l&#39;rtm.</span> <span class='ocrx_word' id='word_1_154' title='bbox 350 3301 440 3403; x_wconf 70' lang='grc' dir='ltr'>([Εῐ</span> <span class='ocrx_word' id='word_1_155' title='bbox 469 3300 566 3408; x_wconf 92' lang='lat' dir='ltr'>sugi,</span> <span class='ocrx_word' id='word_1_156' title='bbox 596 3322 631 3384; x_wconf 90' lang='lat' dir='ltr'>et</span> <span class='ocrx_word' id='word_1_157' title='bbox 662 3301 779 3405; x_wconf 48' lang='lat' dir='ltr'>relig</span> <span class='ocrx_word' id='word_1_158' title='bbox 810 3302 925 3383; x_wconf 90' lang='lat' dir='ltr'>timui</span> <span class='ocrx_word' id='word_1_159' title='bbox 956 3303 1126 3384; x_wconf 89' lang='lat' dir='ltr'>Pastoris</span> <span class='ocrx_word' id='word_1_160' title='bbox 1158 3303 1283 3411; x_wconf 93' lang='lat' dir='ltr'>iniqui</span> 
     </span>
     <span class='ocr_line' id='line_1_25' title="bbox 395 3426 1478 3521; baseline -0.001 -12"><span class='ocrx_word' id='word_1_161' title='bbox 395 3427 585 3521; x_wconf 86' lang='lat' dir='ltr'>Verbera;</span> <span class='ocrx_word' id='word_1_162' title='bbox 617 3426 724 3509; x_wconf 90' lang='lat' dir='ltr'>nulla</span> <span class='ocrx_word' id='word_1_163' title='bbox 754 3447 902 3509; x_wconf 89' lang='lat' dir='ltr'>metum</span> <span class='ocrx_word' id='word_1_164' title='bbox 935 3426 1087 3510; x_wconf 82' lang='lat' dir='ltr'>facilem</span> <span class='ocrx_word' id='word_1_165' title='bbox 1117 3428 1358 3511; x_wconf 76' lang='lat' dir='ltr'>tlarnnaverit</span> <span class='ocrx_word' id='word_1_166' title='bbox 1387 3449 1478 3510; x_wconf 90' lang='lat' dir='ltr'>etas.</span> 
     </span>
     <span class='ocr_line' id='line_1_26' title="bbox 394 3552 1453 3663; baseline -0.001 -27"><span class='ocrx_word' id='word_1_167' title='bbox 394 3553 577 3636; x_wconf 87' lang='lat' dir='ltr'>Flumine</span> <span class='ocrx_word' id='word_1_168' title='bbox 607 3582 702 3635; x_wconf 77' lang='lat' dir='ltr'>nrox</span> <span class='ocrx_word' id='word_1_169' title='bbox 731 3552 806 3635; x_wconf 84' lang='lat' dir='ltr'>lari</span> <span class='ocrx_word' id='word_1_170' title='bbox 837 3554 1022 3649; x_wconf 88' lang='lat' dir='ltr'>maculas,</span> <span class='ocrx_word' id='word_1_171' title='bbox 1052 3554 1255 3663; x_wconf 87' lang='lat' dir='ltr'>pallorque</span> <span class='ocrx_word' id='word_1_172' title='bbox 1287 3556 1453 3636; x_wconf 85' lang='lat' dir='ltr'>recessit.</span> 
     </span>
     <span class='ocr_line' id='line_1_27' title="bbox 395 3677 1684 3790; baseline -0.005 -27"><span class='ocrx_word' id='word_1_173' title='bbox 395 3681 487 3777; x_wconf 91' lang='lat' dir='ltr'>Que</span> <span class='ocrx_word' id='word_1_174' title='bbox 515 3678 586 3763; x_wconf 91' lang='lat' dir='ltr'>tibi</span> <span class='ocrx_word' id='word_1_175' title='bbox 615 3708 729 3761; x_wconf 91' lang='lat' dir='ltr'>causa</span> <span class='ocrx_word' id='word_1_176' title='bbox 758 3677 880 3786; x_wconf 87' lang='lat' dir='ltr'>fuge?</span> <span class='ocrx_word' id='word_1_177' title='bbox 909 3708 976 3761; x_wconf 92' lang='lat' dir='ltr'>cur</span> <span class='ocrx_word' id='word_1_178' title='bbox 1005 3678 1169 3762; x_wconf 91' lang='lat' dir='ltr'>claustra</span> <span class='ocrx_word' id='word_1_179' title='bbox 1197 3682 1327 3788; x_wconf 88' lang='lat' dir='ltr'>quieta</span> <span class='ocrx_word' id='word_1_180' title='bbox 1355 3681 1568 3790; x_wconf 89' lang='lat' dir='ltr'>relinquis?</span> <span class='ocrx_word' id='word_1_181' title='bbox 1647 3720 1684 3757; x_wconf 60' lang='grc' dir='ltr'>ιι,</span> 
     </span>
     <span class='ocr_line' id='line_1_28' title="bbox 394 3805 1568 3915; baseline -0.001 -26"><span class='ocrx_word' id='word_1_182' title='bbox 394 3807 487 3903; x_wconf 87' lang='lat' dir='ltr'>Cur,</span> <span class='ocrx_word' id='word_1_183' title='bbox 517 3805 735 3915; x_wconf 85' lang='lat' dir='ltr'>longinqua</span> <span class='ocrx_word' id='word_1_184' title='bbox 763 3835 942 3915; x_wconf 87' lang='lat' dir='ltr'>sequens,</span> <span class='ocrx_word' id='word_1_185' title='bbox 972 3835 1135 3914; x_wconf 90' lang='lat' dir='ltr'>quercus</span> <span class='ocrx_word' id='word_1_186' title='bbox 1165 3809 1386 3890; x_wconf 90' lang='lat' dir='ltr'>contemnis</span> <span class='ocrx_word' id='word_1_187' title='bbox 1415 3807 1568 3890; x_wconf 80' lang='lat' dir='ltr'>avitas?</span> 
     </span>
     <span class='ocr_line' id='line_1_29' title="bbox 395 3932 1471 4040; baseline 0.002 -25"><span class='ocrx_word' id='word_1_188' title='bbox 395 3933 493 4031; x_wconf 90' lang='lat' dir='ltr'>Quo</span> <span class='ocrx_word' id='word_1_189' title='bbox 523 3932 661 4029; x_wconf 70' lang='lat' dir='ltr'>claves</span> <span class='ocrx_word' id='word_1_190' title='bbox 691 3961 843 4027; x_wconf 77' lang='lat' dir='ltr'>vesane,</span> <span class='ocrx_word' id='word_1_191' title='bbox 874 3934 1005 4040; x_wconf 87' lang='lat' dir='ltr'>rapis?</span> <span class='ocrx_word' id='word_1_192' title='bbox 1037 3933 1162 4030; x_wconf 91' lang='lat' dir='ltr'>Quin,</span> <span class='ocrx_word' id='word_1_193' title='bbox 1193 3934 1311 4030; x_wconf 89' lang='lat' dir='ltr'>abice,</span> <span class='ocrx_word' id='word_1_194' title='bbox 1343 3962 1471 4017; x_wconf 89' lang='lat' dir='ltr'>rerum</span> 
     </span>
     <span class='ocr_line' id='line_1_30' title="bbox 394 4059 1371 4167; baseline 0.001 -26"><span class='ocrx_word' id='word_1_195' title='bbox 394 4059 611 4141; x_wconf 85' lang='lat' dir='ltr'>Tantarum</span> <span class='ocrx_word' id='word_1_196' title='bbox 628 4060 674 4140; x_wconf 51' lang='lat' dir='ltr'>¹si</span> <span class='ocrx_word' id='word_1_197' title='bbox 703 4086 793 4140; x_wconf 92' lang='lat' dir='ltr'>cura</span> <span class='ocrx_word' id='word_1_198' title='bbox 822 4060 963 4167; x_wconf 87' lang='lat' dir='ltr'>premit</span> <span class='ocrx_word' id='word_1_199' title='bbox 979 4087 988 4151; x_wconf 92' lang='lat'>;</span> <span class='ocrx_word' id='word_1_200' title='bbox 1020 4087 1086 4164; x_wconf 88' lang='lat' dir='ltr'>per</span> <span class='ocrx_word' id='word_1_201' title='bbox 1115 4061 1243 4143; x_wconf 89' lang='lat' dir='ltr'>menia</span> <span class='ocrx_word' id='word_1_202' title='bbox 1271 4059 1371 4142; x_wconf 91' lang='lat' dir='ltr'>saltu</span> 
     </span>
     <span class='ocr_line' id='line_1_31' title="bbox 393 4184 1331 4291; baseline 0 -24"><span class='ocrx_word' id='word_1_203' title='bbox 393 4186 570 4267; x_wconf 86' lang='lat' dir='ltr'>Errantes</span> <span class='ocrx_word' id='word_1_204' title='bbox 600 4204 790 4291; x_wconf 88' lang='lat' dir='ltr'>cogentur</span> <span class='ocrx_word' id='word_1_205' title='bbox 819 4212 912 4265; x_wconf 85' lang='lat' dir='ltr'>oves</span> <span class='ocrx_word' id='word_1_206' title='bbox 940 4184 1012 4266; x_wconf 93' lang='lat' dir='ltr'>sub</span> <span class='ocrx_word' id='word_1_207' title='bbox 1043 4206 1141 4267; x_wconf 86' lang='lat' dir='ltr'>tecta</span> <span class='ocrx_word' id='word_1_208' title='bbox 1170 4188 1331 4269; x_wconf 82' lang='lat' dir='ltr'>reverti:</span> 
     </span>
     <span class='ocr_line' id='line_1_32' title="bbox 182 4308 1684 4427; baseline 0.001 -37"><span class='ocrx_word' id='word_1_209' title='bbox 182 4308 249 4390; x_wconf 83' lang='lat' dir='ltr'>Mi.</span> <span class='ocrx_word' id='word_1_210' title='bbox 354 4309 480 4413; x_wconf 58' lang='lat' dir='ltr'>[lunt</span> <span class='ocrx_word' id='word_1_211' title='bbox 511 4311 631 4393; x_wconf 87' lang='lat' dir='ltr'>michi</span> <span class='ocrx_word' id='word_1_212' title='bbox 661 4339 804 4417; x_wconf 85' lang='lat' dir='ltr'>rrtagnu</span> <span class='ocrx_word' id='word_1_213' title='bbox 835 4310 1009 4427; x_wconf 72' lang='lat' dir='ltr'>palacent;</span> <span class='ocrx_word' id='word_1_214' title='bbox 1042 4313 1172 4419; x_wconf 90' lang='lat' dir='ltr'>inopis</span> <span class='ocrx_word' id='word_1_215' title='bbox 1203 4340 1298 4394; x_wconf 82' lang='lat' dir='ltr'>nunt</span> <span class='ocrx_word' id='word_1_216' title='bbox 1328 4340 1482 4420; x_wconf 85' lang='lat' dir='ltr'>semper</span> <span class='ocrx_word' id='word_1_217' title='bbox 1511 4314 1628 4396; x_wconf 78' lang='lat' dir='ltr'>ovilis</span> <span class='ocrx_word' id='word_1_218' title='bbox 1646 4357 1684 4392; x_wconf 64' lang='grc' dir='ltr'>ιω</span> 
     </span>
     <span class='ocr_line' id='line_1_33' title="bbox 182 4436 1459 4534; baseline 0.005 -20"><span class='ocrx_word' id='word_1_219' title='bbox 182 4460 256 4514; x_wconf 66' lang='lat' dir='ltr'>:aar</span> <span class='ocrx_word' id='word_1_220' title='bbox 393 4439 537 4520; x_wconf 79' lang='lat' dir='ltr'>Servus</span> <span class='ocrx_word' id='word_1_221' title='bbox 566 4440 664 4519; x_wconf 89' lang='lat' dir='ltr'>ero?</span> <span class='ocrx_word' id='word_1_222' title='bbox 697 4436 862 4520; x_wconf 83' lang='lat' dir='ltr'>Dulcent</span> <span class='ocrx_word' id='word_1_223' title='bbox 893 4437 1085 4520; x_wconf 85' lang='lat' dir='ltr'>cantando</span> <span class='ocrx_word' id='word_1_224' title='bbox 1115 4460 1250 4521; x_wconf 89' lang='lat' dir='ltr'>nactus</span> <span class='ocrx_word' id='word_1_225' title='bbox 1280 4440 1459 4534; x_wconf 90' lang='lat' dir='ltr'>amicam,</span> 
     </span>
    </p>
   </div>
   <div class='ocr_carea' id='block_1_4' title="bbox 391 4639 1683 4781">
    <p class='ocr_par' dir='ltr' id='par_1_4' title="bbox 391 4639 1683 4781">
     <span class='ocr_line' id='line_1_34' title="bbox 461 4639 1683 4708; baseline 0.002 -17"><span class='ocrx_word' id='word_1_226' title='bbox 461 4640 494 4692; x_wconf 86' lang='lat' dir='ltr'>V.</span> <span class='ocrx_word' id='word_1_227' title='bbox 516 4640 583 4691; x_wconf 78' lang='lat'>118:</span> <span class='ocrx_word' id='word_1_228' title='bbox 604 4640 640 4691; x_wconf 72' lang='lat' dir='ltr'>La</span> <span class='ocrx_word' id='word_1_229' title='bbox 657 4640 755 4692; x_wconf 69' lang='lat' dir='ltr'>lesione</span> <span class='ocrx_word' id='word_1_230' title='bbox 778 4639 916 4707; x_wconf 81' lang='lat' dir='ltr'>primitiva.</span> <span class='ocrx_word' id='word_1_231' title='bbox 936 4641 977 4707; x_wconf 89' lang='lat' dir='ltr'>poi</span> <span class='ocrx_word' id='word_1_232' title='bbox 1004 4640 1134 4692; x_wconf 82' lang='lat' dir='ltr'>ricorretta</span> <span class='ocrx_word' id='word_1_233' title='bbox 1161 4642 1203 4691; x_wconf 87' lang='lat' dir='ltr'>dal</span> <span class='ocrx_word' id='word_1_234' title='bbox 1233 4652 1316 4708; x_wconf 78' lang='lat' dir='ltr'>poeta,</span> <span class='ocrx_word' id='word_1_235' title='bbox 1334 4644 1418 4693; x_wconf 77' lang='lat' dir='ltr'>daea:</span> <span class='ocrx_word' id='word_1_236' title='bbox 1448 4642 1541 4707; x_wconf 73' lang='lat' dir='ltr'>«Quid</span> <span class='ocrx_word' id='word_1_237' title='bbox 1575 4642 1620 4693; x_wconf 86' lang='lat' dir='ltr'>tibi</span> <span class='ocrx_word' id='word_1_238' title='bbox 1644 4642 1683 4693; x_wconf 80' lang='lat' dir='ltr'>eis</span> 
     </span>
     <span class='ocr_line' id='line_1_35' title="bbox 391 4711 1504 4781; baseline 0.004 -18"><span class='ocrx_word' id='word_1_239' title='bbox 391 4711 463 4773; x_wconf 73' lang='lat' dir='ltr'>seris.</span> <span class='ocrx_word' id='word_1_240' title='bbox 482 4712 544 4781; x_wconf 85' lang='lat' dir='ltr'>quid</span> <span class='ocrx_word' id='word_1_241' title='bbox 564 4712 650 4763; x_wconf 78' lang='lat' dir='ltr'>litibus</span> <span class='ocrx_word' id='word_1_242' title='bbox 668 4712 721 4763; x_wconf 86' lang='lat' dir='ltr'>otia</span> <span class='ocrx_word' id='word_1_243' title='bbox 739 4711 880 4780; x_wconf 79' lang='lat' dir='ltr'>frangis?n</span> <span class='ocrx_word' id='word_1_244' title='bbox 903 4741 911 4753; x_wconf 91' lang='lat'>·</span> <span class='ocrx_word' id='word_1_245' title='bbox 931 4715 962 4765; x_wconf 75' lang='lat' dir='ltr'>V.</span> <span class='ocrx_word' id='word_1_246' title='bbox 986 4726 1060 4767; x_wconf 60' lang='lat'>1224</span> <span class='ocrx_word' id='word_1_247' title='bbox 1065 4726 1117 4778; x_wconf 69' lang='lat'>37:</span> <span class='ocrx_word' id='word_1_248' title='bbox 1137 4714 1199 4781; x_wconf 86' lang='lat' dir='ltr'>quin</span> <span class='ocrx_word' id='word_1_249' title='bbox 1220 4742 1229 4753; x_wconf 90' lang='lat'><strong>·</strong></span> <span class='ocrx_word' id='word_1_250' title='bbox 1251 4714 1283 4770; x_wconf 64' lang='grc' dir='ltr'>Υ.</span> <span class='ocrx_word' id='word_1_251' title='bbox 1306 4727 1372 4779; x_wconf 65' lang='lat' dir='ltr'>tat:</span> <span class='ocrx_word' id='word_1_252' title='bbox 1392 4715 1504 4767; x_wconf 82' lang='lat' dir='ltr'>dulcem.</span> 
     </span>
    </p>
   </div>
   <div class='ocr_carea' id='block_1_5' title="bbox 0 0 2068 5217">
    <p class='ocr_par' dir='ltr' id='par_1_5' title="bbox 0 0 2068 5217">
     <span class='ocr_line' id='line_1_36' title="bbox 0 0 2068 5217; baseline 0 1"><span class='ocrx_word' id='word_1_253' title='bbox 0 0 2068 5217; x_wconf 95' lang='lat' dir='ltr'> </span> 
     </span>
    </p>
   </div>
  </div>
 </body>
</html>
