4125 5217
815 430 846 477 ll.
870 428 1057 477 uucottcutt
1081 428 1209 476 CARMEN

898 939 1049 1035 [Emona
1072 939 1128 1036 V.]

459 1290 669 1350 allocuturum
691 1285 777 1347 huius
799 1283 905 1368 egloge
926 1283 985 1347 tale
1014 1266 1077 1347 est:
1110 1305 1179 1348 eum
1208 1305 1329 1347 romana
1358 1285 1488 1367 potentia
1510 1285 1658 1369 usquead

380 1386 515 1449 infimum
539 1386 653 1449 redacta
675 1399 751 1448 esset
765 1399 794 1446 et
809 1387 838 1446 in
858 1384 931 1446 duas
953 1400 1049 1468 partes
1069 1384 1173 1460 divisa,
1194 1405 1246 1447 scu
1269 1387 1384 1447 ursinos
1406 1400 1435 1448 et
1456 1383 1659 1460 colunnenses,

379 1485 485 1569 quibus
507 1507 612 1548 omnes
634 1486 691 1548 alie
710 1486 817 1548 domus
838 1484 950 1547 nobiles
981 1501 1011 1549 et
1031 1487 1151 1569 egregie
1178 1506 1213 1549 ac
1240 1486 1337 1546 omnis
1365 1484 1492 1569 populus
1513 1485 1660 1559 aderebat‚

380 1587 457 1648 inter
478 1585 549 1648 alias
570 1588 785 1649 contemtiones
806 1583 860 1647 ltee
882 1587 958 1647 iuter
978 1586 1057 1669 ipsos
1077 1584 1263 1648 collunenses
1285 1601 1314 1648 et
1336 1586 1451 1647 ursinos
1474 1585 1659 1670 principalia:

354 1717 368 1726 ν
381 1706 449 1747 nam
465 1687 518 1769 ipsi
532 1685 737 1748 collunnenaea
759 1684 896 1747 volebant
910 1687 1015 1769 ipsam·
1030 1686 1144 1748 curiam
1166 1706 1319 1748 romanam
1335 1702 1364 1748 et
1386 1686 1610 1750 iudiciumesae
1631 1687 1660 1746 in

381 1783 532 1867 capitolio,
555 1783 604 1846 ubi
625 1787 785 1868 antiquitus
813 1800 1026 1861 consueveram
1055 1800 1084 1847 et
1112 1787 1201 1848 etiam
1230 1786 1285 1870 ipsi
1314 1806 1385 1848 tero
1406 1787 1506 1850 L'rsini
1527 1785 1662 1847 dicebam

382 1903 414 1945 ae
436 1881 512 1945 telle
533 1884 654 1945 eandem
677 1887 788 1946 curiam
810 1906 872 1947 esse
893 1886 928 1947 ad
944 1905 1054 1954 ,eorum
1075 1884 1193 1961 domus,
1207 1886 1243 1947 ad
1259 1899 1353 1948 castra
1374 1888 1468 1947 saneti
1489 1882 1596 1967 angeli,
1611 1905 1662 1945 scu

381 2005 415 2046 ea
438 1986 512 2060 tice,
534 2005 603 2047 cunt
625 1986 666 2046 eis
687 1985 850 2048 dominium
871 1987 1078 2069 contingerem
1099 2002 1130 2049 et
1150 1986 1287 2049 similiter
1310 1965 1373 2048 esse
1400 1984 1436 2046 ad
1463 1985 1584 2047 domum
1607 2005 1663 2047 co-

382 2082 580 2161 lunnensium,
601 2105 652 2146 seu
674 2084 709 2147 ad
736 2101 870 2148 sanctum
904 2084 1088 2161 ntarcellum,
1109 2103 1178 2147 cum
1211 2083 1267 2148 illis
1292 2085 1457 2147 dominium
1479 2085 1663 2167 contigeret3

383 2206 451 2247 nam
474 2206 525 2268 per
539 2206 670 2247 mensem
687 2186 814 2247 vicissim
830 2187 953 2269 quisque
973 2184 1190 2248 dominabatur.
1213 2187 1253 2248 ita
1277 2205 1320 2247 res
1342 2185 1458 2268 publica
1479 2185 1571 2247 divisa
1593 2199 1664 2253 erat,

383 2288 423 2349 ita
444 2287 534 2368 ursini
558 2285 695 2348 volebant
715 2283 868 2347 detrahere
888 2287 1000 2347 curiam
1021 2285 1058 2347 ad
1086 2288 1241 2369 peregrina
1269 2306 1303 2348 ae
1325 2286 1449 2370 privata,
1470 2284 1665 2347 eolumtettses

384 2405 454 2448 uero
475 2386 511 2448 ad
533 2385 631 2449 locum
653 2406 821 2449 comunem.
838 2388 916 2468 Ergo
931 2384 1035 2448 titulus
1056 2386 1163 2470 egloge
1185 2402 1229 2448 est
1252 2387 1364 2470 «pictos
1382 2383 1537 2470 pastoralis
1550 2411 1575 2454 a,
1597 2386 1665 2468 quia

385 2486 522 2548 locuntur
542 2485 578 2547 de
599 2487 689 2560 reim,
710 2500 849 2569 tanquam
870 2485 906 2547 de
928 2499 1021 2547 matre
1043 2486 1131 2548 vidua
1153 2502 1183 2548 et
1203 2484 1335 2547 desolata
1357 2505 1391 2547 ac
1412 2485 1536 2546 deserta.
1558 2483 1664 2547 Collo-

384 2602 502 2648 cutores
524 2600 592 2647 sunt
622 2587 751 2656 aaronitas,
772 2605 823 2646 seu
852 2586 913 2667 ipsa
940 2586 1047 2647 domus
1074 2584 1301 2648 colunttensium
1329 2605 1387 2669 quc
1410 2583 1544 2646 bellando
1566 2601 1664 2645 secuta

385 2699 428 2747 est
450 2686 479 2747 itt
501 2705 609 2760 arcem,
624 2683 717 2766 (Nam
732 2684 786 2747 ltee
807 2686 913 2746 domus
932 2705 1085 2747 armorum
1106 2705 1223 2770 semper
1243 2686 1313 2768 luit)
1334 2701 1363 2747 et
1385 2685 1507 2768 apitius,
1523 2684 1595 2744 idest
1617 2685 1665 2743 do·

387 2805 452 2845 mus
475 2786 534 2867 ipsa
557 2785 733 2855 ursittoruttt;
750 2806 816 2845 nam
832 2785 984 2866 apitiosm,
999 2784 1074 2845 idest
1095 2783 1207 2849 calvus.
1222 2786 1285 2845 siue
1299 2783 1445 2856 crinibus3
1461 2800 1490 2845 et
1506 2786 1565 2866 ipsc
1582 2805 1664 2843 urm

385 2882 494 2945 animal
515 2884 578 2944 sine
598 2882 690 2943 cauda
713 2894 766 2956 est,
787 2885 879 2946 elale
906 2884 1014 2966 apitius
1036 2903 1089 2967 pro
1111 2884 1172 2967 ipsa
1194 2883 1285 2945 domo
1308 2884 1415 2945 Ursino
1437 2883 1596 2964 Accipiter.
1616 2884 1665 2964 Ji-

384 2984 474 3045 siimts
495 2998 524 3045 et
545 2980 631 3056 lanta,
652 2982 725 3043 alius
748 2984 897 3064 numptius
918 2984 986 3067 quia
1007 2982 1113 3045 festine
1135 2983 1252 3045 incedit.
1276 2983 1322 3063 llij
1338 2982 1409 3059 duo,
1423 3003 1474 3043 seu
1497 2985 1618 3043 martio>
1638 2999 1666 3042 et

385 3084 502 3166 apitius,
516 3082 553 3144 de
566 3082 627 3165 ipsa
644 3103 736 3156 roma,
757 3098 906 3166 ttntquam
922 3082 959 3144 de
977 3098 1081 3157 matre,
1103 3082 1310 3167 alloquutttur;
1333 3104 1401 3144 nam
1424 3084 1485 3165 ipsa
1507 3102 1587 3143 roma
1611 3104 1666 3161 gc-

386 3195 490 3242 nuerat
502 3197 570 3257 eos,
588 3181 668 3243 ideo·
680 3196 774 3244 mater
784 3205 792 3257 ;
804 3194 844 3243 'et
859 3180 999 3244 ‘obhane
1020 3202 1142 3244 causam
1163 3179 1329 3244 intitulatur
1350 3180 1405 3244 laec
1420 3181 1526 3266 egloga
1545 3184 1667 3264 'epletus'
1688 3193 1691 3197 ’

386 3276 570 3363 pastoralis»,
584 3282 651 3362 quia
667 3296 817 3366 tamquam
832 3281 868 3342 de
882 3282 943 3363 ipsa
958 3293 1052 3343 matre
1066 3280 1112 3363 (et
1126 3278 1257 3343 desolata
1273 3280 1331 3363 est)
1347 3280 1507 3344 collocutio
1526 3298 1578 3343 est.
1595 3304 1665 3361 crgo

387 3381 509 3442 martius
530 3381 572 3442 sic
601 3382 720 3463 incipit:
748 3416 768 3427 -
798 3379 885 3457 Quid,
907 3379 981 3443 idest
1009 3396 1127 3464 propter
1154 3380 1225 3466 quid
1248 3380 1412 3443 veneranda
1435 3382 1570 3464 genitrix,
1594 3382 1666 3440 {tica

388 3498 480 3555 roma,
500 3498 520 3542 o
541 3500 689 3561 gemmae,
711 3479 785 3542 idest
805 3500 824 3542 o
845 3479 942 3556 irater,
962 3478 1053 3556 dolet,
1075 3480 1150 3544 idest
1180 3501 1250 3543 cum
1279 3479 1382 3543 dolore
1410 3481 1501 3542 tinam
1522 3480 1625 3541 ducit?
1649 3516 1666 3525 -

387 3578 458 3661 quiri
476 3580 586 3649 occidit.
608 3579 682 3640 idest
702 3580 772 3663 quid
792 3579 924 3642 accidere
946 3582 1042 3663 potuit
1060 3579 1112 3656 illi,
1127 3601 1179 3643 seu
1195 3581 1282 3643 matri
1296 3580 1441 3663 diugnum
1455 3579 1512 3641 ltoc
1535 3580 1665 3662 gemitu?

387 3677 462 3739 idest
481 3698 539 3761 que
560 3698 605 3740 res
626 3693 705 3740 tanta
728 3700 790 3740 esse
812 3682 930 3761 potest?
951 3700 1008 3763 que
1030 3701 1117 3742 causa
1140 3682 1213 3743 tanti
1235 3681 1387 3763 gemitus?
1402 3715 1421 3726 -
1436 3700 1578 3763 patuerunt,
1594 3680 1666 3739 idest

386 3777 422 3838 ad
443 3798 532 3861 quem
554 3778 653 3854 finem,
668 3779 713 3842 tel
733 3783 761 3841 in
783 3802 838 3864 qua
863 3796 953 3863 parte,
970 3782 1043 3842 idest
1064 3780 1099 3842 ad
1122 3781 1191 3865 quid
1207 3782 1268 3864 ipsa
1292 3801 1343 3841 seu
1364 3796 1459 3841 mater
1479 3795 1571 3841 mesta
1588 3778 1667 3861 pluet

390 3892 519 3940 recentes
541 3878 698 3941 lacrimas?
719 3880 793 3942 idest
814 3881 849 3941 ad
870 3880 939 3964 quid
962 3882 1023 3963 ipsa
1047 3882 1151 3942 misera
1175 3897 1269 3942 mater
1290 3879 1465 3951 inlacrimat,
1482 3901 1534 3941 nec
1557 3879 1667 3940 lumina

387 3993 486 4039 nostra
508 3978 690 4054 madescunt,
706 3980 779 4041 idest
799 3980 876 4062 oculj
893 3982 985 4041 nostri
1001 3980 1163 4042 umdeliunt
1178 3997 1297 4063 propter
1312 3982 1402 4062 ipsius
1417 3980 1570 4042 dolorem?
1584 3981 1666 4063 quasi

387 4078 478 4140 dicat:
490 4079 552 4159 ipsa
563 4077 652 4153 dolet,
664 4099 716 4140 nec
728 4100 864 4140 curamus
876 4083 887 4139 ?
901 4116 912 4126 ·
925 4080 1028 4141 Crania.
1042 4080 1209 4162 Respondet
1224 4081 1344 4163 apitius:
1358 4082 1424 4162 amtj
1438 4079 1582 4152 uolucres,
1595 4080 1667 4141 idest

388 4174 514 4251 teloceS,
535 4192 641 4238 t'orant
667 4176 755 4259 (proz
776 4177 934 4261 devoram)
963 4195 1063 4240 cuttta.
1090 4214 1110 4226 -
1131 4186 1237 4262 lettrptts
1258 4178 1426 4239 indomitum
1448 4178 1542 4239 timna!
1563 4180 1667 4248 mnam,

354 4312 360 4322 ·
382 4273 503 4357 furiatae
524 4276 625 4336 ntnlris
645 4283 671 4336 el
696 4276 778 4337 detor
798 4277 912 4338 cnidii:
940 4276 1068 4351 fortuna,
1096 4277 1171 4339 idest
1202 4279 1343 4360 potentia,
1365 4276 1476 4350 dit-itte,
1504 4276 1667 4337 dotttmiuttt

388 4387 418 4434 et
438 4374 630 4455 magnitud03
652 4390 680 4437 et
702 4375 800 4452 decor,
823 4376 895 4437 idest
924 4375 1091 4459 pulcritudo
1112 4394 1234 4438 ornatus
1267 4393 1294 4438 et
1323 4392 1490 4459 apparatus,
1512 4396 1561 4436 seu
1585 4377 1667 4442 atria,

388 4471 503 4548 domus,
525 4473 634 4557 templa
655 4488 684 4536 et
706 4495 812 4557 magna
840 4475 959 4552 edilitia,
980 4498 1037 4561 que
1065 4476 1274 4539 decoramenta
1303 4478 1393 4559 ipsius
1421 4477 1548 4538 civitatis
1575 4491 1666 4535 etam.

388 4571 428 4653 ita
448 4582 582 4634 senectus'
604 4588 633 4633 et
654 4574 773 4634 amissio
794 4575 927 4635 omnium
951 4595 1048 4636 rerum
1070 4591 1114 4637 est
1136 4596 1223 4637 causa
1239 4577 1367 4658 gemitus
1384 4576 1495 4636 matris.
1510 4610 1519 4620 ·
1534 4582 1559 4635 cl
1573 4575 1667 4634 innat-

388 4678 431 4732 lns
451 4670 501 4731 tini
521 4678 600 4754 tergo
621 4671 723 4753 tlt't‘nlj,
746 4672 850 4754 frigido
882 4675 973 4743 senio,
995 4676 1070 4736 idest
1092 4675 1195 4737 ultime
1226 4675 1380 4756 senectuti.
1403 4696 1474 4757 ergo
1506 4674 1551 4735 ltis
1572 4676 1667 4735 causis

387 4769 467 4833 dolet
488 4786 590 4833 mater.
612 4806 631 4818 -
651 4772 770 4857 Aspice:
792 4774 836 4837 nd
858 4793 916 4859 que
937 4774 1107 4861 supradicta
1125 4774 1304 4860 Respondet
1316 4774 1466 4844 maritus,
1479 4792 1617 4830 asserens
1638 4791 1686 4823 ac-
