4125 5217
820 438 850 487 n
874 437 1064 490 tutonensi
1086 439 1216 489 anastas
1599 426 1659 514 183

377 703 428 761 ant
457 696 572 782 longam
593 696 741 761 tradncent
770 697 848 761 attatei
877 701 1003 762 fanniae
1031 703 1160 762 namn?
1180 701 1253 763 idest
1273 715 1354 764 tante
1384 723 1475 765 suase
1495 701 1663 788 eloquentie

379 811 441 860 erat
460 797 524 879 ipse
544 815 594 858 res
614 797 787 880 quodcum
809 815 925 880 ceperat
947 798 1039 882 loqui,
1053 803 1189 882 quartanis
1204 820 1262 861 nox
1278 807 1354 863 'esset
1368 816 1399 864 et
1418 822 1470 865 ora
1484 803 1664 886 quiescendi,

379 894 478 958 nullus
497 896 680 959 audientium
703 898 871 959 recordatus
892 918 944 960 ore
964 900 1134 981 quiescendi
1148 923 1156 974 ;
1170 903 1247 962 l'nm
1262 921 1365 962 ortttres
1386 902 1489 984 attentj
1506 902 1664 965 manebant

379 1010 462 1058 extra
481 1013 601 1058 omnem
622 994 710 1058 aliam
731 1017 843 1058 curarn.
864 1031 874 1044 ·
895 999 958 1080 anis
972 996 1088 1059 terrebit
1107 1001 1212 1082 apros?
1233 998 1281 1062 laic
1303 1020 1429 1083 namque
1450 1002 1596 1062 maxianus
1619 1020 1664 1062 se·

379 1107 466 1156 nator
495 1091 559 1156 fait.
579 1127 600 1141 -
620 1094 682 1178 pais
713 1094 803 1155 tendet
834 1096 905 1155 retia
937 1094 1094 1179 riapnrnis?
1125 1098 1188 1179 nnis
1218 1097 1293 1158 aina
1324 1096 1447 1179 captabit
1471 1100 1565 1160 aaa?
1596 1119 1663 1160 razim

380 1193 505 1255 eximius
524 1206 687 1275 aucupator
700 1191 764 1255 tuit.
778 1228 789 1239 ·
803 1195 865 1276 qais
874 1192 995 1278 stirrnine
1006 1215 1142 1277 mergens,
1158 1194 1212 1257 lan!
1226 1196 1343 1257 arriseras
1357 1195 1469 1258 caralit
1482 1199 1565 1259 aun?
1579 1198 1664 1273 idest,

381 1312 450 1357 cum
472 1291 598 1376 pecudes
626 1312 709 1375 passe
731 1308 817 1355 erunt
845 1293 995 1369 morbum,
1016 1296 1081 1377 quis
1110 1293 1225 1357 curabit
1246 1297 1318 1357 eas?
1339 1294 1424 1370 idest,
1444 1298 1590 1380 cumipse
1615 1318 1665 1359 res

382 1408 484 1476 pastor
504 1407 590 1456 esset.
610 1426 631 1439 -
651 1411 703 1474 per
730 1391 781 1453 lias
803 1412 873 1453 oses
894 1391 1102 1474 intelliguntur
1127 1392 1278 1468 troanines‚‘
1293 1396 1374 1477 quasi
1395 1394 1492 1458 dicat:
1514 1416 1582 1459 cum
1605 1397 1667 1458 lao-

382 1494 475 1555 mines
496 1490 605 1555 infimri
626 1506 712 1553 erunt
734 1493 832 1553 arriana
854 1507 882 1553 et
903 1512 1039 1573 corpore,
1059 1493 1125 1575 quis
1146 1491 1261 1555 curabit
1283 1495 1352 1554 eos?
1367 1514 1446 1567 natta,
1465 1510 1607 1578 quantum
1630 1495 1666 1558 ad

382 1590 583 1655 infimtitatem
602 1590 704 1666 arriani,
719 1591 780 1674 ipse
801 1590 854 1652 luit
875 1592 1006 1674 optimus
1029 1591 1158 1673 phisicus
1179 1606 1208 1654 et
1229 1590 1394 1673 astrolagus
1409 1608 1439 1656 et
1460 1593 1618 1657 instructus
1637 1597 1666 1657 in

382 1690 528 1753 medicina
559 1691 588 1753 e't
619 1689 743 1752 naturali
764 1691 897 1752 scientia.
918 1724 938 1737 -
960 1692 1023 1773 qais
1052 1710 1136 1752 sacra
1166 1689 1272 1763 cibalas,
1303 1699 1387 1775 ntqne
1407 1691 1539 1753 brearaitnn
1564 1692 1669 1755 adnrrti

377 1789 569 1875 sanaralantnn
589 1790 621 1851 in
640 1790 772 1874 grmnine
795 1788 917 1874 pbelnnn
948 1790 1002 1851 rite
1022 1792 1124 1851 caract?
1145 1788 1240 1852 tabula
1262 1790 1406 1874 estquod
1428 1792 1532 1874 pagani
1561 1791 1669 1856 sacriti-

383 1889 527 1954 cabantur
553 1888 637 1971 cibelj
668 1890 754 1971 matrj
783 1889 919 1965 deornm,
939 1908 991 1972 per
1019 1910 1109 1973 quam
1137 1888 1313 1973 intelligitur
1333 1891 1417 1973 uirgo
1440 1906 1536 1954 attater
1559 1908 1668 1954 nostra.

385 1993 460 2056 ltem
481 2010 533 2074 per
560 1988 688 2052 tabulam
711 2005 765 2064 est,
787 1988 917 2073 phebum
945 1989 1059 2052 humile
1079 1992 1109 2051 in
1137 1992 1221 2052 terris
1255 1989 1388 2052 famulari
1409 1991 1517 2053 admeti
1541 1993 1616 2075 regis
1641 2007 1671 2054 et

385 2094 527 2154 rlrmeuta
550 2105 579 2152 et
601 2109 706 2173 greges
728 2090 818 2172 ipsius
832 2089 996 2167 custodire;
1018 2104 1048 2152 et
1070 2109 1120 2172 per
1134 2088 1213 2151 laune
1228 2088 1357 2173 phebum
1372 2089 1547 2173 intelligitur
1563 2092 1669 2153 cristus

385 2191 552 2255 incamatus
568 2210 621 2273 pro
636 2188 816 2252 redemtione
831 2204 940 2251 nostra.
955 2190 1038 2273 quasi
1051 2190 1149 2253 dicat:
1164 2191 1229 2273 quis
1240 2204 1325 2252 canet
1336 2210 1429 2263 sacra,
1443 2191 1518 2253 idest
1527 2190 1669 2253 sacrilnia

350 2288 354 2295 ’
385 2304 487 2354 sancta
502 2290 623 2373 virginis
644 2290 736 2355 marie
757 2305 786 2351 et
800 2290 899 2352 eristi?
914 2310 982 2352 nam
998 2292 1060 2373 ipse
1075 2310 1125 2353 ren
1147 2289 1201 2352 init
1220 2291 1352 2373 optimus
1373 2288 1532 2373 theologus
1549 2306 1579 2352 et
1593 2292 1669 2373 pius,

387 2389 541 2473 religiosus
561 2391 661 2453 antimo
676 2404 706 2452 et
728 2405 882 2452 venerator
901 2389 959 2471 dej.
979 2424 999 2437 ·
1020 2412 1100 2474 parcnt
1122 2391 1228 2470 (idesta
1251 2403 1370 2473 propter
1392 2389 1498 2473 quem)
1519 2396 1671 2451 raactnrnns

387 2487 540 2574 trepidabit
569 2488 709 2551 abactor?
729 2489 849 2552 abactor
870 2505 914 2552 est
946 2489 990 2552 l'ur
1021 2489 1179 2572 pecudum,
1200 2505 1230 2552 et
1257 2489 1324 2551 ideo
1352 2490 1449 2551 onann
1471 2489 1517 2551 lua
1544 2503 1573 2550 et
1594 2486 1670 2550 latro

387 2603 485 2673 potest
503 2588 633 2651 abactor.
654 2591 737 2673 quasi
758 2590 852 2652 dicat:
873 2591 940 2673 quis
961 2590 1083 2654 abactor
1113 2604 1143 2651 et
1174 2589 1249 2652 latro
1270 2589 1427 2672 trepidabit
1448 2588 1579 2664 ulterius,
1600 2609 1669 2651 cum

387 2691 442 2752 iste
461 2688 500 2750 sit
520 2702 665 2762 mortuus,
686 2690 736 2771 qni
757 2708 861 2750 ottrnes
884 2687 957 2750 tales
978 2688 1099 2772 fugabat
1120 2705 1150 2751 et
1177 2688 1344 2751 destruebat
1366 2710 1418 2749 sua
1446 2689 1579 2751 iustitia?
1600 2708 1667 2748 nam

388 2790 460 2871 ipse,
473 2802 606 2870 tempore
621 2808 686 2863 suo,
701 2787 773 2849 fines
794 2808 863 2849 suos
885 2803 915 2849 et
936 2808 1061 2870 regnum
1082 2809 1219 2850 securum
1236 2790 1330 2850 tenuit
1351 2789 1388 2849 ab
1407 2790 1491 2850 oriani
1505 2789 1646 2871 periculo.
1662 2825 1671 2835 -

387 2886 489 2951 ‹lutiles
509 2886 612 2971 capelle
639 2908 721 2971 qinein
741 2895 851 2949 arescent
879 2886 930 2951 snb
961 2887 1022 2949 alta
1044 2891 1135 2973 rape?
1166 2891 1247 2973 quasi
1277 2889 1374 2950 dicat:
1396 2886 1508 2971 capelle
1532 2887 1668 2970 deinceps

387 3009 425 3050 au
454 3007 557 3050 secure
588 2987 657 3063 sint,
679 2987 710 3049 in
741 2986 832 3048 dubio
854 3001 908 3063 est,
939 2989 1060 3049 cumin
1092 2990 1207 3071 pascuis
1229 3001 1316 3050 erunt
1343 3007 1430 3070 super
1456 3002 1582 3064 mames,
1604 2989 1671 3073 quia

388 3086 509 3151 abactor
538 3106 626 3171 quem
648 3087 752 3149 timeat
783 3107 842 3148 non
873 3085 1003 3149 habebit.
1024 3122 1045 3135 ·
1066 3108 1146 3171 patena
1167 3100 1278 3150 noscant
1308 3085 1409 3170 uigiles
1431 3085 1544 3171 fidiqne
1568 3090 1671 3149 sarran?

388 3187 471 3271 quasi
491 3186 583 3250 dicat:
598 3186 703 3270 vigiles
724 3201 754 3248 et
769 3186 818 3249 fidi
834 3207 922 3249 canes
937 3208 1027 3271 quem
1043 3203 1166 3250 noscent
1187 3190 1217 3249 in
1231 3188 1322 3248 doario
1337 3188 1416 3269 regia
1432 3207 1491 3248 noa
1506 3187 1673 3262 habebunt;

389 3307 469 3365 nant,
488 3307 558 3351 cum
578 3288 641 3370 ipse
663 3307 713 3349 rex
734 3302 857 3349 senator
877 3302 965 3363 esset,
986 3285 1187 3349 delectabatur
1207 3288 1277 3369 ipsis
1298 3285 1419 3348 canibus
1447 3286 1484 3348 ad
1506 3288 1673 3348 venandum

389 3388 472 3451 actis.
485 3420 506 3435 -
520 3407 601 3470 qnam
621 3386 712 3448 dalnis
732 3387 823 3447 antica
845 3389 968 3448 noscet?
989 3387 1064 3448 idest
1085 3407 1160 3448 usar
1181 3388 1253 3461 eius,
1270 3386 1370 3468 regina
1386 3384 1476 3468 proba
1498 3401 1527 3446 et
1544 3388 1669 3468 sapiens.

389 3521 410 3535 -
430 3487 493 3571 qais
513 3484 593 3547 artorio
620 3484 772 3570 solempnes
791 3492 893 3547 statuet
909 3495 963 3569 per
990 3485 1077 3547 litora
1099 3485 1203 3547 tardos?
1233 3487 1323 3562 Nam,
1343 3505 1412 3547 curn
1441 3486 1503 3568 ipse
1525 3504 1574 3545 res
1597 3502 1673 3546 esset

389 3606 473 3649 more
493 3586 682 3669 antiquorum
711 3604 913 3659 romanorum,
934 3583 1136 3647 delectabatur
1157 3584 1293 3647 ordinare
1313 3583 1444 3646 diuersos
1465 3583 1560 3658 ludos,
1584 3605 1674 3645 rerin-

390 3706 462 3747 sans
483 3683 639 3768 palestram
654 3685 801 3745 insuetam
816 3703 850 3744 es
867 3703 949 3745 aiore
964 3686 1076 3767 patri03
1092 3705 1161 3746 nam
1183 3684 1220 3765 ibj
1242 3683 1404 3766 antiquitus
1426 3682 1563 3744 utebatur
1584 3684 1674 3765 ipsius

389 3782 516 3869 palestre
546 3803 625 3857 usus,
647 3798 687 3859 et,
714 3803 783 3845 eum
815 3782 957 3864 oblivioni
991 3784 1116 3845 traditus
1148 3798 1235 3860 esset,
1256 3782 1342 3845 ludus
1373 3781 1424 3844 ille
1453 3782 1508 3844 sub
1531 3784 1675 3865 regimine

389 3884 477 3947 huius
499 3897 686 3966 recuperatus
702 3899 755 3945 est.
769 3903 822 3944 -a
844 3904 898 3967 qna
920 3885 1003 3945 etnnn
1025 3882 1174 3945 cornilimn
1195 3881 1276 3965 alrrlij
1298 3880 1343 3943 sel
1359 3881 1477 3955 terrent,
1493 3882 1538 3943 sel
1554 3885 1675 3964 petent?

390 3985 458 4068 quia
479 3965 548 4066 ipse·
561 3985 793 4066 sapientissimus
815 3998 844 4045 et
865 4003 973 4066 magne
993 3985 1161 4045 autoritatis
1182 3982 1272 4044 luit·
1291 3989 1346 4043 eta
1362 4002 1416 4065 qna
1437 3981 1585 4049 siluestres,
1601 3982 1676 4045 idest

390 4082 546 4165 populares
566 4082 712 4157 homines,
729 4083 826 4167 serrant
845 4082 947 4144 iliciana
976 4090 1109 4166 responsa
1138 4080 1202 4152 tate,
1223 4082 1298 4143 idest
1328 4082 1358 4141 in
1389 4096 1492 4163 aperto
1513 4095 1542 4142 et
1563 4080 1675 4164 longe?

359 4178 364 4186 ’
390 4184 460 4267 quia
473 4181 511 4245 ad
530 4183 627 4265 ipsum
648 4203 685 4245 es
705 4181 870 4265 longinquo
891 4181 1059 4257 veniebant,
1074 4196 1107 4243 ut
1127 4181 1285 4244 consilinm
1300 4194 1442 4261 peterent.
1457 4180 1559 4242 dicit«
1573 4180 1674 4241 ‹liainn

391 4290 546 4366 responsa»
561 4282 637 4344 idest
651 4284 762 4365 gravia,
774 4300 841 4343 sera
857 4297 886 4343 et
900 4297 979 4344 certa
995 4297 1024 4343 et
1040 4298 1165 4344 matura.
1180 4316 1191 4328 ·
1205 4282 1269 4365 pais
1281 4278 1417 4363 prestabit
1430 4288 1508 4363 apen
1523 4280 1676 4363 snplirilnn·

391 4383 422 4444 in
443 4389 515 4455 arta,
530 4380 605 4443 idest
618 4382 648 4442 in
669 4380 759 4443 dubio
781 4396 810 4443 et
832 4383 997 4443 necessario
1013 4385 1169 4466 tempore?
1190 4380 1259 4464 quia
1274 4380 1321 4442 hic
1338 4400 1387 4442 res
1408 4379 1547 4440 taratnibus
1566 4378 1674 4461 suppli·

390 4479 525 4543 cantibus
546 4500 633 4563 opem
654 4480 882 4543 misericorditer
904 4479 1060 4563 prestabat.
1081 4516 1092 4527 ·
1115 4482 1234 4564 Oargr,
1257 4478 1398 4563 parandam
1422 4478 1575 4562 pratariam
1595 4498 1678 4538 arram·

375 4578 548 4660 ,driadnntt
568 4578 681 4641 driades
713 4580 851 4642 dicuntur
882 4581 937 4642 dee
969 4580 1132 4655 siluarum;
1164 4599 1215 4661 per
1246 4600 1319 4663 quas
1350 4577 1438 4640 siluas
1471 4576 1678 4657 intelliguntur

392 4680 526 4743 ciuitates
547 4692 576 4741 et
596 4677 709 4761 populi.
730 4679 777 4741 nic
800 4700 870 4743 sero
892 4695 955 4743 erat
975 4699 1061 4741 aanor
1081 4695 1110 4740 er
1132 4678 1238 4741 fidncia
1261 4679 1388 4740 taraxima
1411 4695 1532 4738 suornm
1561 4675 1679 4738 incola-

392 4798 458 4844 rum
480 4790 510 4841 et
529 4777 640 4840 cisium
661 4793 690 4840 et
704 4778 859 4843 civitatum
881 4782 983 4865 rengni
1005 4780 1113 4864 pariter
1133 4793 1163 4841 et
1177 4792 1378 4841 externorum.
1398 4810 1419 4825 ·
1440 4776 1511 4859 anit
1522 4774 1609 4843 sitan,
1623 4794 1683 4835 sen
