4125 5217
227 1288 249 1319 V·
264 1286 339 1328 dmi

227 1488 250 1519 v.
265 1475 339 1528 ςο-όι

228 1690 250 1718 e.
265 1675 305 1716 de·
315 1688 351 1716 ror

232 3902 344 3944 ost-⁴⁹

231 4088 253 4116 v.
267 4070 341 4124 6341

231 4177 253 4205 v.
268 4162 293 4203 8¹
301 4182 311 4194 ·
319 4172 355 4202 tor

881 414 912 463 ll.
935 413 1124 465 tucottctttt
1146 416 1278 465 Cnttsttstt

922 894 1073 989 [Eotoon
1097 896 1169 991 ΙΧ.]
1193 903 1245 990 (ι)

522 1263 682 1327 caucaseis:
704 1262 854 1326 Caucasus
875 1280 960 1323 mous
974 1276 1019 1324 est
1039 1260 1190 1324 orientalis
1206 1260 1429 1335 famosissimus,
1443 1264 1484 1325 sic
1500 1263 1595 1326 dictus
1616 1285 1632 1325 a
1655 1265 1731 1328 Can-

442 1364 513 1440 dore
533 1364 647 1426 uivium
668 1363 698 1425 in
720 1362 783 1426 eius
804 1363 914 1424 vertice
934 1381 1052 1445 semper
1072 1363 1255 1424 manentium
1276 1362 1334 1445 (2).

523 1464 632 1548 tigres:
651 1464 720 1545 quia
741 1464 771 1524 in
792 1460 1013 1545 septentrionali
1034 1460 1120 1546 plaga
1142 1475 1220 1524 suut.
1241 1496 1262 1509 -
1282 1461 1433 1533 volsum:
1454 1464 1608 1547 paprgslli,
1629 1469 1680 1550 qui
1701 1468 1731 1529 in

441 1561 579 1629 orientali
600 1562 687 1647 plaga
708 1577 778 1625 sunt
799 1563 911 1646 psytaci
932 1560 994 1645 (3).

521 1682 586 1725 sero
606 1669 760 1725 merentes:
782 1660 918 1724 Valerius
940 1660 1004 1723 «de
1025 1659 1160 1745 neglectu
1183 1660 1371 1745 religionen:
1395 1663 1517 1725 «Lento
1538 1666 1617 1727 enim
1639 1665 1732 1751 gradu

442 1762 479 1827 ad
499 1764 660 1827 vindictam
681 1764 726 1825 sui
748 1762 847 1824 divina
868 1759 1000 1845 procedit
1020 1762 1073 1838 ira,
1095 1761 1323 1845 tarditatemque
1344 1763 1478 1847 supplicii
1500 1768 1645 1846 gravitate
1667 1788 1734 1851 pen·

443 1879 527 1927 sat».
549 1897 569 1911 -
586 1870 727 1949 pastores:
750 1863 905 1946 principes,
933 1882 1026 1946 reges.
1049 1897 1069 1909 -
1086 1863 1207 1946 paucis.-
1235 1864 1303 1946 quia
1325 1865 1412 1946 pauci
1434 1866 1574 1928 virtutem
1596 1884 1734 1950 querunt.

443 1964 521 2028 unde
548 1962 716 2048 Virgilius:
740 1961 856 2026 «facilis
877 1961 1036 2026 descensus
1058 1965 1168 2039 averni,
1190 1963 1248 2026 Sed
1270 1984 1410 2026 revocare
1431 1965 1539 2049 gradus
1554 1987 1734 2053 superasque

444 2065 567 2128 evadere
587 2064 624 2127 ad
645 2083 741 2140 auras,
762 2063 820 2126 hoc
841 2083 926 2147 opus,
941 2062 989 2126 hic
1011 2062 1096 2125 labor
1110 2078 1193 2126 est».
1209 2098 1229 2111 ·
1244 2065 1372 2130 Enitar:
1387 2064 1556 2151 Phylogeus
1578 2068 1735 2151 respondet

444 2164 544 2229 dicens
555 2184 586 2227 se
601 2163 776 2248 dispositum
790 2164 869 2226 viam
883 2163 1017 2226 dextram
1028 2183 1143 2247 capere,
1158 2178 1187 2225 et
1201 2164 1281 2248 quod
1293 2164 1491 2251 Theophylus
1505 2167 1625 2250 incipiat
1636 2170 1734 2253 ipsum

445 2264 593 2345 iuvand03
614 2262 844 2348 contemplative
865 2265 944 2327 enim
965 2264 1026 2326 vita
1047 2265 1144 2327 activa
1165 2264 1268 2348 prebet
1289 2266 1369 2328 viam
1390 2282 1421 2329 et
1440 2265 1584 2330 auxilium
1605 2265 1621 2351 (
1641 2267 1666 2353 ).

516 2700 555 2765 (t)
574 2693 628 2772 [Cr]
647 2698 724 2750 None
741 2698 850 2766 egloglte
868 2694 956 2749 titulus
976 2705 1015 2748 est
1037 2696 1189 2761 «Querulus
1200 2716 1226 2754 n,
1238 2695 1332 2747 dieitur
1345 2696 1414 2748 euim
1427 2714 1443 2747 o
1459 2715 1543 2763 queso.
1561 2701 1583 2748 is
1601 2698 1736 2750 lamentor.

445 2789 593 2843 hmeututio
611 2799 650 2843 est
668 2791 700 2841 de
720 2805 812 2857 mogus
830 2789 1042 2856 eslnmituteque
1060 2788 1108 2839 init
1125 2805 1195 2838 enno
1213 2788 1312 2839 domini
1335 2801 1493 2839 stcccxmtm
1511 2798 1536 2840 et
1555 2789 1602 2840 luit
1622 2799 1737 2856 ternpore

444 2880 542 2934 autoris
560 2889 585 2932 et
604 2880 697 2933 dieitur
716 2880 794 2932 luisse
812 2896 859 2948 per
877 2888 956 2931 toturn
976 2878 1086 2931 Italiam.
1100 2879 1281 2947 conloqutores
1295 2888 1356 2930 suut
1368 2878 1511 2947 phylogeus
1530 2890 1555 2932 et
1575 2880 1737 2948 theophilus;

445 2981 472 3026 et
490 2981 550 3024 suut
567 2970 617 3023 iste
635 2970 741 3023 nomine
759 2970 816 3022 ficte
833 2988 850 3021 e
868 2971 992 3023 vocabulo
1010 2987 1101 3038 greco:
1120 2970 1265 3038 philogeus,
1284 2970 1351 3022 idest
1370 2978 1472 3022 terrene
1489 2969 1610 3039 diligens,
1622 2971 1706 3022 dictus
1719 2990 1735 3023 s

440 3064 541 3131 phylos,
560 3062 631 3131 quod
649 3071 689 3114 est
706 3079 779 3114 emor
797 3071 823 3113 et
839 3078 896 3129 geos
913 3070 997 3122 terre3
1010 3061 1163 3129 theophylus
1176 3062 1269 3113 dieitur
1280 3070 1381 3113 emetur
1393 3061 1538 3113 divinorum
1557 3079 1573 3112 o
1591 3062 1655 3111 theos
1674 3064 1737 3114 deus

445 3164 472 3207 et
485 3154 576 3223 phylos
594 3155 683 3205 Amor.
702 3154 735 3205 Et
754 3161 792 3205 est
812 3152 943 3204 sciendum
955 3154 1025 3221 quod
1039 3154 1181 3222 phylogeus
1200 3153 1305 3220 ponitur
1323 3153 1366 3204 hie
1383 3170 1431 3220 pro
1443 3152 1557 3220 quolibet
1571 3153 1675 3205 homine
1689 3167 1736 3205 ter·

447 3261 510 3297 reno
527 3252 699 3312 conquerente
717 3243 749 3296 de
768 3243 812 3294 illa
831 3243 992 3295 mortalitate.
1012 3244 1045 3294 Et
1064 3244 1210 3311 theophilus
1232 3260 1277 3311 pro
1296 3243 1412 3311 quolibet
1432 3260 1484 3293 uon
1503 3255 1608 3295 curante
1628 3256 1736 3295 mortem

446 3334 512 3388 sieut
529 3344 589 3387 suut
607 3334 674 3386 Boni
693 3334 816 3403 Religiosi
835 3344 860 3386 et
879 3334 1012 3386 sanctitate
1032 3334 1132 3386 imbuti.
1154 3335 1187 3385 Et
1211 3334 1385 3386 introducitur
1410 3335 1551 3402 phylogeus
1577 3351 1737 3403 conquerens

446 3425 479 3477 de
497 3434 564 3476 statu
582 3441 628 3476 sue
647 3425 755 3487 domum
773 3435 798 3476 et
816 3435 856 3476 est
874 3424 1006 3476 sciendum
1025 3425 1095 3491 quod
1114 3424 1142 3475 in
1161 3424 1211 3476 istu
1234 3424 1318 3491 prima
1344 3435 1416 3491 perte
1435 3424 1548 3492 loquitor
1566 3427 1598 3476 de
1617 3426 1738 3476 omnibus
1806 3431 1811 3441 ⁴

448 3516 524 3567 rebus
541 3515 680 3566 mundonis
698 3516 741 3566 Ad
760 3515 882 3567 rusticum
900 3516 945 3583 qui
964 3524 1018 3568 toto
1036 3533 1106 3567 enno
1124 3516 1222 3567 laboret
1242 3524 1268 3567 et
1292 3515 1320 3566 in
1346 3514 1433 3576 finem,
1455 3532 1513 3566 cunt
1538 3516 1619 3567 eredit
1643 3515 1738 3567 habere

447 3605 572 3675 requiem,
589 3605 674 3674 perdit
692 3606 788 3668 omnin,
806 3605 871 3658 sieut
890 3607 1017 3668 homines,
1036 3624 1095 3658 eum
1114 3608 1222 3658 credunt
1241 3608 1386 3668 honestare,
1406 3606 1557 3658 moriuntur.

516 3698 652 3763 stispiduse
670 3696 815 3759 uberibus,
832 3696 899 3748 idest
918 3696 1081 3749 homiuibus:
1101 3698 1162 3765 quie
1184 3697 1302 3750 homines
1327 3697 1435 3749 credunt
1459 3698 1530 3765 qnod
1554 3713 1601 3765 per
1625 3696 1737 3765 plurium

444 3796 528 3841 desset
545 3786 681 3855 epidetuie.

518 3879 557 3944 (2)
576 3873 631 3952 [Cr]
649 3885 727 3929 asstm
745 3885 855 3930 vectans:
873 3878 934 3946 quie
957 3878 1082 3942 civitates,
1107 3880 1212 3932 metella
1235 3886 1261 3931 et
1286 3895 1346 3929 rurs
1367 3887 1427 3930 suut
1449 3893 1528 3930 roem
1549 3877 1736 3931 habitatoribus

446 3976 551 4039 propter
569 3968 707 4021 munimem
725 3980 834 4037 pestem.
1611 4017 1618 4030 ,

517 4060 557 4125 (3)
576 4054 631 4132 [Cr]
653 4059 753 4126 Graya:
772 4058 839 4110 idest
857 4058 941 4121 itelie,
959 4076 1019 4110 nunt
1039 4059 1112 4111 tutia
1131 4060 1193 4112 olim
1213 4076 1307 4127 magne
1325 4058 1417 4110 Greeia
1436 4059 1577 4110 dicebatur.

517 4150 557 4215 (4)
577 4143 631 4222 [Cr]
650 4151 742 4217 Accipe
760 4150 912 4201 remilium:
930 4150 972 4201 hic
990 4151 1034 4201 dut
1051 4150 1122 4201 uliud
1140 4149 1291 4210 consilinum
1304 4158 1330 4201 et
1343 4157 1427 4217 potest
1445 4167 1503 4202 esse
1515 4148 1609 4218 duplei
1629 4150 1738 4201 intentio

445 4239 553 4303 notorie,
571 4248 599 4292 ut
617 4256 666 4291 uos
684 4239 812 4309 fugiemus
836 4257 922 4292 serem
947 4240 1068 4291 iniectum
1093 4250 1118 4292 et
1143 4241 1192 4293 hoc
1215 4249 1319 4292 teneant
1340 4241 1440 4293 medici.
1464 4241 1515 4292 ulie
1538 4252 1589 4291 est:
1610 4239 1737 4307 fugiamus

445 4330 570 4383 mnndum
588 4339 614 4383 et
633 4330 758 4383 intremus
776 4330 947 4400 Religionem.
966 4331 998 4382 Et
1017 4330 1067 4382 ista
1084 4341 1123 4383 est
1142 4330 1234 4383 melior
1252 4331 1380 4399 expositio
1399 4345 1424 4383 et
1444 4331 1535 4383 verior.
