<?xml version="1.0" encoding="UTF-8"?>
<!DOCTYPE html PUBLIC "-//W3C//DTD XHTML 1.0 Transitional//EN"
    "http://www.w3.org/TR/xhtml1/DTD/xhtml1-transitional.dtd">
<html xmlns="http://www.w3.org/1999/xhtml" xml:lang="en" lang="en">
 <head>
  <title>
</title>
<meta http-equiv="Content-Type" content="text/html;charset=utf-8" />
  <meta name='ocr-system' content='tesseract 3.04.00' />
  <meta name='ocr-capabilities' content='ocr_page ocr_carea ocr_par ocr_line ocrx_word'/>
</head>
<body>
  <div class='ocr_page' id='page_1' title='image "./ilbucolicumcarm00avengoog_0115.png"; bbox 0 0 4125 5217; ppageno 0'>
   <div class='ocr_carea' id='block_1_1' title="bbox 860 424 1254 474">
    <p class='ocr_par' dir='ltr' id='par_1_1' title="bbox 860 424 1254 474">
     <span class='ocr_line' id='line_1_1' title="bbox 860 424 1254 474; baseline -0.008 0"><span class='ocrx_word' id='word_1_1' title='bbox 860 425 891 474; x_wconf 85' lang='lat' dir='ltr'><strong>ll.</strong></span> <span class='ocrx_word' id='word_1_2' title='bbox 914 424 1102 474; x_wconf 66' lang='lat' dir='ltr'><strong>bucolicum</strong></span> <span class='ocrx_word' id='word_1_3' title='bbox 1125 425 1254 472; x_wconf 65' lang='lat' dir='ltr'>CARMEN</span> 
     </span>
    </p>
   </div>
   <div class='ocr_carea' id='block_1_2' title="bbox 202 686 1702 4614">
    <p class='ocr_par' dir='ltr' id='par_1_2' title="bbox 202 686 1702 4614">
     <span class='ocr_line' id='line_1_2' title="bbox 203 686 1488 799; baseline -0.005 -23"><span class='ocrx_word' id='word_1_4' title='bbox 203 694 274 776; x_wconf 86' lang='lat' dir='ltr'><strong>Du.</strong></span> <span class='ocrx_word' id='word_1_5' title='bbox 377 691 643 799; x_wconf 63' lang='lat' dir='ltr'><strong>[Consilium</strong></span> <span class='ocrx_word' id='word_1_6' title='bbox 672 689 806 782; x_wconf 87' lang='lat' dir='ltr'><strong>laudo;</strong></span> <span class='ocrx_word' id='word_1_7' title='bbox 837 686 1011 771; x_wconf 80' lang='lat' dir='ltr'><strong>sedenim</strong></span> <span class='ocrx_word' id='word_1_8' title='bbox 1041 716 1115 795; x_wconf 93' lang='lat' dir='ltr'><strong>que</strong></span> <span class='ocrx_word' id='word_1_9' title='bbox 1146 688 1270 794; x_wconf 85' lang='lat' dir='ltr'><strong>prima</strong></span> <span class='ocrx_word' id='word_1_10' title='bbox 1301 710 1488 794; x_wconf 76' lang='lat' dir='ltr'><strong>peretum,</strong></span> 
     </span>
     <span class='ocr_line' id='line_1_3' title="bbox 418 816 1579 925; baseline -0.004 -22"><span class='ocrx_word' id='word_1_11' title='bbox 418 820 548 903; x_wconf 92' lang='lat' dir='ltr'><strong>Prima</strong></span> <span class='ocrx_word' id='word_1_12' title='bbox 574 841 696 902; x_wconf 89' lang='lat' dir='ltr'><strong>taces:</strong></span> <span class='ocrx_word' id='word_1_13' title='bbox 727 846 815 925; x_wconf 92' lang='lat' dir='ltr'><strong>spes</strong></span> <span class='ocrx_word' id='word_1_14' title='bbox 843 844 1000 900; x_wconf 91' lang='lat' dir='ltr'><strong>summa</strong></span> <span class='ocrx_word' id='word_1_15' title='bbox 1029 835 1120 898; x_wconf 88' lang='lat' dir='ltr'><strong>tuos</strong></span> <span class='ocrx_word' id='word_1_16' title='bbox 1148 844 1223 923; x_wconf 90' lang='lat' dir='ltr'><strong>que</strong></span> <span class='ocrx_word' id='word_1_17' title='bbox 1254 816 1372 897; x_wconf 91' lang='lat' dir='ltr'><strong>nutrit</strong></span> <span class='ocrx_word' id='word_1_18' title='bbox 1402 819 1579 898; x_wconf 85' lang='lat' dir='ltr'><strong>amores?</strong></span> 
     </span>
     <span class='ocr_line' id='line_1_4' title="bbox 202 940 1465 1055; baseline -0.006 -24"><span class='ocrx_word' id='word_1_19' title='bbox 202 953 283 1032; x_wconf 77' lang='lat' dir='ltr'><strong>Sto.</strong></span> <span class='ocrx_word' id='word_1_20' title='bbox 379 947 599 1055; x_wconf 79' lang='lat' dir='ltr'><strong>([Pretereo</strong></span> <span class='ocrx_word' id='word_1_21' title='bbox 627 973 857 1054; x_wconf 82' lang='lat' dir='ltr'><strong>quecunque</strong></span> <span class='ocrx_word' id='word_1_22' title='bbox 885 943 1007 1026; x_wconf 90' lang='lat' dir='ltr'><strong>tribus</strong></span> <span class='ocrx_word' id='word_1_23' title='bbox 1037 971 1123 1025; x_wconf 87' lang='lat' dir='ltr'><strong>mea</strong></span> <span class='ocrx_word' id='word_1_24' title='bbox 1153 964 1306 1050; x_wconf 78' lang='lat' dir='ltr'>pectora</span> <span class='ocrx_word' id='word_1_25' title='bbox 1335 940 1465 1024; x_wconf 87' lang='lat' dir='ltr'><strong>lustris</strong></span> 
     </span>
     <span class='ocr_line' id='line_1_5' title="bbox 416 1070 1331 1183; baseline -0.007 -25"><span class='ocrx_word' id='word_1_26' title='bbox 416 1073 569 1183; x_wconf 88' lang='lat' dir='ltr'><strong>Ingenti</strong></span> <span class='ocrx_word' id='word_1_27' title='bbox 598 1073 737 1157; x_wconf 90' lang='lat' dir='ltr'><strong>siluere</strong></span> <span class='ocrx_word' id='word_1_28' title='bbox 766 1070 853 1167; x_wconf 79' lang='lat' dir='ltr'><strong>ficle,</strong></span> <span class='ocrx_word' id='word_1_29' title='bbox 883 1070 1130 1179; x_wconf 79' lang='lat' dir='ltr'><strong>gemitusque</strong></span> <span class='ocrx_word' id='word_1_30' title='bbox 1160 1070 1331 1166; x_wconf 91' lang='lat' dir='ltr'><strong>latentes,</strong></span> 
     </span>
     <span class='ocr_line' id='line_1_6' title="bbox 416 1195 1431 1309; baseline -0.004 -25"><span class='ocrx_word' id='word_1_31' title='bbox 416 1201 464 1284; x_wconf 87' lang='lat' dir='ltr'><strong>Et</strong></span> <span class='ocrx_word' id='word_1_32' title='bbox 491 1199 630 1309; x_wconf 88' lang='lat' dir='ltr'><strong>vigiles</strong></span> <span class='ocrx_word' id='word_1_33' title='bbox 660 1218 806 1293; x_wconf 88' lang='lat' dir='ltr'><strong>noctes,</strong></span> <span class='ocrx_word' id='word_1_34' title='bbox 835 1217 975 1304; x_wconf 89' lang='lat' dir='ltr'><strong>etque</strong></span> <span class='ocrx_word' id='word_1_35' title='bbox 1004 1195 1074 1279; x_wconf 85' lang='lat' dir='ltr'><strong>lert</strong></span> <span class='ocrx_word' id='word_1_36' title='bbox 1104 1197 1271 1304; x_wconf 89' lang='lat' dir='ltr'><strong>plurima</strong></span> <span class='ocrx_word' id='word_1_37' title='bbox 1299 1224 1431 1280; x_wconf 89' lang='lat' dir='ltr'><strong>secum</strong></span> 
     </span>
     <span class='ocr_line' id='line_1_7' title="bbox 417 1322 1419 1431; baseline -0.004 -20"><span class='ocrx_word' id='word_1_38' title='bbox 417 1326 586 1411; x_wconf 87' lang='lat' dir='ltr'><strong>Immitis</strong></span> <span class='ocrx_word' id='word_1_39' title='bbox 614 1326 709 1409; x_wconf 88' lang='lat' dir='ltr'><strong>dum</strong></span> <span class='ocrx_word' id='word_1_40' title='bbox 738 1326 836 1408; x_wconf 89' lang='lat' dir='ltr'><strong>sevit</strong></span> <span class='ocrx_word' id='word_1_41' title='bbox 864 1352 987 1418; x_wconf 90' lang='lat' dir='ltr'><strong>amor,</strong></span> <span class='ocrx_word' id='word_1_42' title='bbox 1017 1353 1092 1431; x_wconf 93' lang='lat' dir='ltr'><strong>que</strong></span> <span class='ocrx_word' id='word_1_43' title='bbox 1121 1322 1218 1407; x_wconf 84' lang='lat' dir='ltr'><strong>forte</strong></span> <span class='ocrx_word' id='word_1_44' title='bbox 1248 1322 1419 1431; x_wconf 88' lang='lat' dir='ltr'><strong>benignu</strong></span> 
     </span>
     <span class='ocr_line' id='line_1_8' title="bbox 411 1449 1509 1560; baseline -0.004 -23"><span class='ocrx_word' id='word_1_45' title='bbox 411 1452 547 1559; x_wconf 84' lang='lat' dir='ltr'><strong>Judice</strong></span> <span class='ocrx_word' id='word_1_46' title='bbox 574 1453 654 1536; x_wconf 90' lang='lat' dir='ltr'><strong>sint</strong></span> <span class='ocrx_word' id='word_1_47' title='bbox 682 1450 849 1560; x_wconf 84' lang='lat' dir='ltr'><strong>aliquid;</strong></span> <span class='ocrx_word' id='word_1_48' title='bbox 879 1471 1008 1532; x_wconf 91' lang='lat' dir='ltr'><strong>tamen</strong></span> <span class='ocrx_word' id='word_1_49' title='bbox 1040 1449 1109 1533; x_wconf 86' lang='lat' dir='ltr'><strong>lrec</strong></span> <span class='ocrx_word' id='word_1_50' title='bbox 1139 1452 1295 1559; x_wconf 76' lang='lat' dir='ltr'><strong>periisse</strong></span> <span class='ocrx_word' id='word_1_51' title='bbox 1323 1452 1509 1534; x_wconf 88' lang='lat' dir='ltr'><strong>sinamus.</strong></span> 
     </span>
     <span class='ocr_line' id='line_1_9' title="bbox 417 1566 1359 1675; baseline -0.007 -9"><span class='ocrx_word' id='word_1_52' title='bbox 417 1583 482 1666; x_wconf 89' lang='lat' dir='ltr'><strong>Sic</strong></span> <span class='ocrx_word' id='word_1_53' title='bbox 510 1581 616 1675; x_wconf 89' lang='lat' dir='ltr'><strong>ierit;</strong></span> <span class='ocrx_word' id='word_1_54' title='bbox 645 1579 775 1662; x_wconf 90' lang='lat' dir='ltr'><strong>tulerit</strong></span> <span class='ocrx_word' id='word_1_55' title='bbox 803 1566 1046 1662; x_wconf 61' lang='lat' dir='ltr'><strong>tales&#39;miclri</strong></span> <span class='ocrx_word' id='word_1_56' title='bbox 1076 1579 1154 1660; x_wconf 90' lang='lat' dir='ltr'><strong>vita</strong></span> <span class='ocrx_word' id='word_1_57' title='bbox 1183 1577 1359 1671; x_wconf 90' lang='lat' dir='ltr'><strong>labores;</strong></span> 
     </span>
     <span class='ocr_line' id='line_1_10' title="bbox 418 1705 1338 1792; baseline -0.003 0"><span class='ocrx_word' id='word_1_58' title='bbox 418 1708 582 1792; x_wconf 85' lang='lat' dir='ltr'><strong>Debitus</strong></span> <span class='ocrx_word' id='word_1_59' title='bbox 610 1708 763 1792; x_wconf 87' lang='lat' dir='ltr'><strong>incaute</strong></span> <span class='ocrx_word' id='word_1_60' title='bbox 791 1706 905 1790; x_wconf 86' lang='lat' dir='ltr'><strong>luerit</strong></span> <span class='ocrx_word' id='word_1_61' title='bbox 936 1705 1043 1789; x_wconf 82' lang='lat' dir='ltr'><strong>furor</strong></span> <span class='ocrx_word' id='word_1_62' title='bbox 1072 1709 1142 1790; x_wconf 89' lang='lat' dir='ltr'><strong>iste</strong></span> <span class='ocrx_word' id='word_1_63' title='bbox 1172 1708 1338 1789; x_wconf 88' lang='lat' dir='ltr'><strong>iuvente.</strong></span> 
     </span>
     <span class='ocr_line' id='line_1_11' title="bbox 420 1831 1621 1942; baseline -0.002 -24"><span class='ocrx_word' id='word_1_64' title='bbox 420 1833 535 1920; x_wconf 84' lang='lat' dir='ltr'><strong>Haud</strong></span> <span class='ocrx_word' id='word_1_65' title='bbox 562 1834 727 1919; x_wconf 83' lang='lat' dir='ltr'><strong>tacuisse</strong></span> <span class='ocrx_word' id='word_1_66' title='bbox 755 1833 886 1927; x_wconf 85' lang='lat' dir='ltr'><strong>velim,</strong></span> <span class='ocrx_word' id='word_1_67' title='bbox 915 1831 1036 1942; x_wconf 93' lang='lat' dir='ltr'><strong>quod,</strong></span> <span class='ocrx_word' id='word_1_68' title='bbox 1066 1861 1155 1916; x_wconf 91' lang='lat' dir='ltr'><strong>cum</strong></span> <span class='ocrx_word' id='word_1_69' title='bbox 1186 1861 1272 1916; x_wconf 87' lang='lat' dir='ltr'><strong>mea</strong></span> <span class='ocrx_word' id='word_1_70' title='bbox 1300 1861 1421 1942; x_wconf 90' lang='lat' dir='ltr'><strong>pauca</strong></span> <span class='ocrx_word' id='word_1_71' title='bbox 1450 1853 1621 1942; x_wconf 91' lang='lat' dir='ltr'><strong>putarem</strong></span> 
     </span>
     <span class='ocr_line' id='line_1_12' title="bbox 420 1958 1701 2070; baseline -0.003 -24"><span class='ocrx_word' id='word_1_72' title='bbox 420 1964 540 2048; x_wconf 89' lang='lat' dir='ltr'><strong>Posse</strong></span> <span class='ocrx_word' id='word_1_73' title='bbox 570 1960 717 2070; x_wconf 90' lang='lat' dir='ltr'><strong>placere</strong></span> <span class='ocrx_word' id='word_1_74' title='bbox 745 1960 828 2055; x_wconf 91' lang='lat' dir='ltr'><strong>tibi,</strong></span> <span class='ocrx_word' id='word_1_75' title='bbox 858 1959 989 2043; x_wconf 94' lang='lat' dir='ltr'><strong>studui</strong></span> <span class='ocrx_word' id='word_1_76' title='bbox 1019 1961 1053 2043; x_wconf 87' lang='lat' dir='ltr'><strong>si</strong></span> <span class='ocrx_word' id='word_1_77' title='bbox 1084 1962 1235 2043; x_wconf 89' lang='lat' dir='ltr'><strong>musica</strong></span> <span class='ocrx_word' id='word_1_78' title='bbox 1266 1958 1362 2043; x_wconf 86' lang='lat' dir='ltr'><strong>lorte</strong></span> <span class='ocrx_word' id='word_1_79' title='bbox 1673 1992 1701 2030; x_wconf 65' lang='grc' dir='ltr'><strong><em>ω</em></strong></span> 
     </span>
     <span class='ocr_line' id='line_1_13' title="bbox 421 2088 1641 2197; baseline -0.002 -23"><span class='ocrx_word' id='word_1_80' title='bbox 421 2092 495 2174; x_wconf 88' lang='lat' dir='ltr'><strong>Ars</strong></span> <span class='ocrx_word' id='word_1_81' title='bbox 523 2088 644 2173; x_wconf 92' lang='lat' dir='ltr'><strong>michi</strong></span> <span class='ocrx_word' id='word_1_82' title='bbox 674 2088 786 2172; x_wconf 87' lang='lat' dir='ltr'><strong>lerret</strong></span> <span class='ocrx_word' id='word_1_83' title='bbox 814 2116 946 2196; x_wconf 89' lang='lat' dir='ltr'><strong>opem,</strong></span> <span class='ocrx_word' id='word_1_84' title='bbox 976 2088 1083 2196; x_wconf 79' lang='lat' dir='ltr'><strong>quocl</strong></span> <span class='ocrx_word' id='word_1_85' title='bbox 1112 2111 1149 2171; x_wconf 91' lang='lat' dir='ltr'><strong>te</strong></span> <span class='ocrx_word' id='word_1_86' title='bbox 1178 2117 1301 2171; x_wconf 89' lang='lat' dir='ltr'><strong>sonus</strong></span> <span class='ocrx_word' id='word_1_87' title='bbox 1330 2109 1444 2197; x_wconf 88' lang='lat' dir='ltr'><strong>atque</strong></span> <span class='ocrx_word' id='word_1_88' title='bbox 1473 2117 1641 2185; x_wconf 86' lang='lat' dir='ltr'><strong>camene,</strong></span> 
     </span>
     <span class='ocr_line' id='line_1_14' title="bbox 421 2212 1443 2324; baseline -0.003 -24"><span class='ocrx_word' id='word_1_89' title='bbox 421 2218 516 2301; x_wconf 89' lang='lat' dir='ltr'><strong>Non</strong></span> <span class='ocrx_word' id='word_1_90' title='bbox 545 2216 627 2300; x_wconf 87' lang='lat' dir='ltr'><strong>auri</strong></span> <span class='ocrx_word' id='word_1_91' title='bbox 656 2214 788 2324; x_wconf 81' lang='lat' dir='ltr'><strong>fulgor</strong></span> <span class='ocrx_word' id='word_1_92' title='bbox 816 2234 982 2323; x_wconf 80' lang='lat' dir='ltr'><strong>caperet:</strong></span> <span class='ocrx_word' id='word_1_93' title='bbox 1013 2212 1228 2324; x_wconf 82' lang='lat' dir='ltr'><strong>frustraque</strong></span> <span class='ocrx_word' id='word_1_94' title='bbox 1258 2216 1443 2298; x_wconf 86' lang='lat' dir='ltr'><strong>timebam</strong></span> 
     </span>
     <span class='ocr_line' id='line_1_15' title="bbox 422 2341 1478 2449; baseline -0.002 -24"><span class='ocrx_word' id='word_1_95' title='bbox 422 2344 532 2426; x_wconf 88' lang='lat' dir='ltr'><strong>Hanc</strong></span> <span class='ocrx_word' id='word_1_96' title='bbox 559 2342 677 2425; x_wconf 88' lang='lat' dir='ltr'><strong>etiam</strong></span> <span class='ocrx_word' id='word_1_97' title='bbox 705 2362 871 2424; x_wconf 88' lang='lat' dir='ltr'><strong>tentasse</strong></span> <span class='ocrx_word' id='word_1_98' title='bbox 901 2343 1025 2433; x_wconf 81' lang='lat' dir='ltr'><strong>viam;</strong></span> <span class='ocrx_word' id='word_1_99' title='bbox 1058 2369 1294 2449; x_wconf 88' lang='lat' dir='ltr'><strong>raucumque</strong></span> <span class='ocrx_word' id='word_1_100' title='bbox 1323 2341 1478 2424; x_wconf 84' lang='lat' dir='ltr'><strong>videbar</strong></span> 
     </span>
     <span class='ocr_line' id='line_1_16' title="bbox 422 2467 1550 2577; baseline -0.002 -24"><span class='ocrx_word' id='word_1_101' title='bbox 422 2470 567 2554; x_wconf 90' lang='lat' dir='ltr'><strong>Nescio</strong></span> <span class='ocrx_word' id='word_1_102' title='bbox 596 2467 689 2577; x_wconf 84' lang='lat' dir='ltr'><strong>quid</strong></span> <span class='ocrx_word' id='word_1_103' title='bbox 718 2489 896 2576; x_wconf 80' lang='lat' dir='ltr'><strong>strepere,</strong></span> <span class='ocrx_word' id='word_1_104' title='bbox 926 2468 1050 2550; x_wconf 84' lang='lat' dir='ltr'><strong>donec</strong></span> <span class='ocrx_word' id='word_1_105' title='bbox 1081 2497 1165 2551; x_wconf 87' lang='lat' dir='ltr'><strong>mea</strong></span> <span class='ocrx_word' id='word_1_106' title='bbox 1195 2469 1365 2551; x_wconf 89' lang='lat' dir='ltr'><strong>carmina</strong></span> <span class='ocrx_word' id='word_1_107' title='bbox 1396 2471 1550 2552; x_wconf 85' lang='lat' dir='ltr'><strong>Faunos</strong></span> 
     </span>
     <span class='ocr_line' id='line_1_17' title="bbox 420 2593 1701 2704; baseline -0.002 -24"><span class='ocrx_word' id='word_1_108' title='bbox 420 2597 514 2680; x_wconf 93' lang='lat' dir='ltr'><strong>Non</strong></span> <span class='ocrx_word' id='word_1_109' title='bbox 543 2595 683 2704; x_wconf 87' lang='lat' dir='ltr'><strong>puduit</strong></span> <span class='ocrx_word' id='word_1_110' title='bbox 714 2595 949 2704; x_wconf 84' lang='lat' dir='ltr'><strong>Driadesque</strong></span> <span class='ocrx_word' id='word_1_111' title='bbox 980 2597 1059 2703; x_wconf 92' lang='lat' dir='ltr'><strong>pari</strong></span> <span class='ocrx_word' id='word_1_112' title='bbox 1090 2595 1277 2678; x_wconf 90' lang='lat' dir='ltr'><strong>celebrare</strong></span> <span class='ocrx_word' id='word_1_113' title='bbox 1306 2593 1447 2678; x_wconf 83' lang='lat' dir='ltr'><strong>lavore.</strong></span> <span class='ocrx_word' id='word_1_114' title='bbox 1678 2629 1701 2677; x_wconf 70' lang='lat' dir='ltr'><strong>a</strong></span> 
     </span>
     <span class='ocr_line' id='line_1_18' title="bbox 420 2720 1382 2831; baseline 0 -26"><span class='ocrx_word' id='word_1_115' title='bbox 420 2724 520 2831; x_wconf 86' lang='lat' dir='ltr'><strong>Sepe</strong></span> <span class='ocrx_word' id='word_1_116' title='bbox 548 2720 706 2831; x_wconf 84' lang='lat' dir='ltr'><strong>quidem</strong></span> <span class='ocrx_word' id='word_1_117' title='bbox 736 2750 888 2804; x_wconf 87' lang='lat' dir='ltr'><strong>ramum</strong></span> <span class='ocrx_word' id='word_1_118' title='bbox 918 2722 997 2804; x_wconf 87' lang='lat' dir='ltr'><strong>vidi</strong></span> <span class='ocrx_word' id='word_1_119' title='bbox 1027 2720 1230 2805; x_wconf 82' lang='lat' dir='ltr'><strong>dulcedine</strong></span> <span class='ocrx_word' id='word_1_120' title='bbox 1259 2743 1382 2805; x_wconf 89' lang='lat' dir='ltr'><strong>tentas</strong></span> 
     </span>
     <span class='ocr_line' id='line_1_19' title="bbox 423 2851 1470 2959; baseline 0 -26"><span class='ocrx_word' id='word_1_121' title='bbox 423 2851 626 2959; x_wconf 87' lang='lat' dir='ltr'><strong>Linquere,</strong></span> <span class='ocrx_word' id='word_1_122' title='bbox 656 2870 693 2932; x_wconf 90' lang='lat' dir='ltr'><strong>et</strong></span> <span class='ocrx_word' id='word_1_123' title='bbox 720 2851 903 2932; x_wconf 88' lang='lat' dir='ltr'><strong>attonitas</strong></span> <span class='ocrx_word' id='word_1_124' title='bbox 933 2851 972 2932; x_wconf 94' lang='lat' dir='ltr'><strong>in</strong></span> <span class='ocrx_word' id='word_1_125' title='bbox 1003 2879 1070 2933; x_wconf 92' lang='lat' dir='ltr'><strong>rne.</strong></span> <span class='ocrx_word' id='word_1_126' title='bbox 1094 2873 1264 2958; x_wconf 85' lang='lat' dir='ltr'><strong>spectare</strong></span> <span class='ocrx_word' id='word_1_127' title='bbox 1293 2851 1470 2959; x_wconf 88' lang='lat' dir='ltr'><strong>capellas,</strong></span> 
     </span>
     <span class='ocr_line' id='line_1_20' title="bbox 422 2976 1447 3087; baseline -0.002 -26"><span class='ocrx_word' id='word_1_128' title='bbox 422 2978 609 3087; x_wconf 89' lang='lat' dir='ltr'><strong>Spernere</strong></span> <span class='ocrx_word' id='word_1_129' title='bbox 637 3005 727 3084; x_wconf 90' lang='lat' dir='ltr'><strong>apes</strong></span> <span class='ocrx_word' id='word_1_130' title='bbox 756 2976 954 3073; x_wconf 89' lang='lat' dir='ltr'><strong>cithisum,</strong></span> <span class='ocrx_word' id='word_1_131' title='bbox 984 3000 1111 3060; x_wconf 89' lang='lat' dir='ltr'><strong>mutas</strong></span> <span class='ocrx_word' id='word_1_132' title='bbox 1140 2997 1258 3060; x_wconf 90' lang='lat' dir='ltr'><strong>estate</strong></span> <span class='ocrx_word' id='word_1_133' title='bbox 1288 2977 1447 3060; x_wconf 73' lang='lat' dir='ltr'><strong>cicadas,</strong></span> 
     </span>
     <span class='ocr_line' id='line_1_21' title="bbox 421 3102 1381 3211; baseline -0.002 -22"><span class='ocrx_word' id='word_1_134' title='bbox 421 3102 594 3190; x_wconf 88' lang='lat' dir='ltr'><strong>Letabar.</strong></span> <span class='ocrx_word' id='word_1_135' title='bbox 624 3105 707 3188; x_wconf 91' lang='lat' dir='ltr'><strong>Nec</strong></span> <span class='ocrx_word' id='word_1_136' title='bbox 736 3124 825 3187; x_wconf 91' lang='lat' dir='ltr'><strong>nata</strong></span> <span class='ocrx_word' id='word_1_137' title='bbox 854 3106 960 3211; x_wconf 91' lang='lat' dir='ltr'><strong>prius</strong></span> <span class='ocrx_word' id='word_1_138' title='bbox 989 3104 1131 3187; x_wconf 82' lang='lat' dir='ltr'><strong>fiducia</strong></span> <span class='ocrx_word' id='word_1_139' title='bbox 1160 3107 1282 3187; x_wconf 88' lang='lat' dir='ltr'><strong>nostri</strong></span> <span class='ocrx_word' id='word_1_140' title='bbox 1312 3125 1381 3201; x_wconf 88' lang='lat' dir='ltr'><strong>est,</strong></span> 
     </span>
     <span class='ocr_line' id='line_1_22' title="bbox 422 3230 1702 3339; baseline 0 -25"><span class='ocrx_word' id='word_1_141' title='bbox 422 3232 557 3330; x_wconf 91' lang='lat' dir='ltr'><strong>Quam</strong></span> <span class='ocrx_word' id='word_1_142' title='bbox 586 3259 691 3315; x_wconf 90' lang='lat' dir='ltr'><strong>sacer</strong></span> <span class='ocrx_word' id='word_1_143' title='bbox 712 3230 775 3314; x_wconf 91' lang='lat' dir='ltr'><strong>ille</strong></span> <span class='ocrx_word' id='word_1_144' title='bbox 804 3230 945 3314; x_wconf 88' lang='lat' dir='ltr'><strong>michi:</strong></span> <span class='ocrx_word' id='word_1_145' title='bbox 968 3279 990 3292; x_wconf 94' lang='lat'>-</span> <span class='ocrx_word' id='word_1_146' title='bbox 1012 3232 1117 3313; x_wconf 87' lang='lat' dir='ltr'><strong>Cane</strong></span> <span class='ocrx_word' id='word_1_147' title='bbox 1148 3231 1281 3327; x_wconf 80' lang='lat' dir='ltr'><strong>fidens,</strong></span> <span class='ocrx_word' id='word_1_148' title='bbox 1304 3281 1325 3293; x_wconf 90' lang='lat'><em>-</em></span> <span class='ocrx_word' id='word_1_149' title='bbox 1347 3233 1487 3316; x_wconf 69' lang='lat' dir='ltr'><strong>eliceret</strong></span> <span class='ocrx_word' id='word_1_150' title='bbox 1508 3236 1646 3339; x_wconf 76' lang='lat' dir='ltr'><strong>Argus.</strong></span> <span class='ocrx_word' id='word_1_151' title='bbox 1680 3277 1702 3300; x_wconf 88' lang='lat'><strong>··</strong></span> 
     </span>
     <span class='ocr_line' id='line_1_23' title="bbox 207 3358 1443 3469; baseline -0.002 -24"><span class='ocrx_word' id='word_1_152' title='bbox 207 3365 281 3446; x_wconf 78' lang='lat' dir='ltr'><strong>Dr.</strong></span> <span class='ocrx_word' id='word_1_153' title='bbox 382 3360 472 3469; x_wconf 58' lang='lat' dir='ltr'><strong>filit</strong></span> <span class='ocrx_word' id='word_1_154' title='bbox 502 3360 660 3452; x_wconf 86' lang='lat' dir='ltr'><strong>nterito;</strong></span> <span class='ocrx_word' id='word_1_155' title='bbox 692 3387 859 3466; x_wconf 92' lang='lat' dir='ltr'><strong>namque</strong></span> <span class='ocrx_word' id='word_1_156' title='bbox 888 3358 953 3441; x_wconf 91' lang='lat' dir='ltr'><strong>ille</strong></span> <span class='ocrx_word' id='word_1_157' title='bbox 984 3358 1055 3441; x_wconf 88' lang='lat' dir='ltr'><strong>luit</strong></span> <span class='ocrx_word' id='word_1_158' title='bbox 1084 3361 1150 3466; x_wconf 92' lang='lat' dir='ltr'><strong>qui</strong></span> <span class='ocrx_word' id='word_1_159' title='bbox 1180 3359 1271 3441; x_wconf 84' lang='lat' dir='ltr'><strong>talia</strong></span> <span class='ocrx_word' id='word_1_160' title='bbox 1300 3382 1443 3468; x_wconf 84' lang='lat' dir='ltr'><strong>posset.</strong></span> 
     </span>
     <span class='ocr_line' id='line_1_24' title="bbox 426 3486 1305 3594; baseline -0.002 -25"><span class='ocrx_word' id='word_1_161' title='bbox 426 3489 508 3570; x_wconf 93' lang='lat' dir='ltr'><strong>lure</strong></span> <span class='ocrx_word' id='word_1_162' title='bbox 537 3486 667 3570; x_wconf 89' lang='lat' dir='ltr'><strong>iubere</strong></span> <span class='ocrx_word' id='word_1_163' title='bbox 695 3515 782 3582; x_wconf 93' lang='lat' dir='ltr'><strong>suo,</strong></span> <span class='ocrx_word' id='word_1_164' title='bbox 813 3507 946 3569; x_wconf 91' lang='lat' dir='ltr'><strong>nosset</strong></span> <span class='ocrx_word' id='word_1_165' title='bbox 974 3487 1041 3594; x_wconf 93' lang='lat' dir='ltr'><strong>qui</strong></span> <span class='ocrx_word' id='word_1_166' title='bbox 1071 3486 1162 3569; x_wconf 86' lang='lat' dir='ltr'><strong>talia</strong></span> <span class='ocrx_word' id='word_1_167' title='bbox 1185 3486 1305 3569; x_wconf 90' lang='lat' dir='ltr'><strong>solus.</strong></span> 
     </span>
     <span class='ocr_line' id='line_1_25' title="bbox 389 3613 1522 3723; baseline 0 -26"><span class='ocrx_word' id='word_1_168' title='bbox 389 3634 394 3643; x_wconf 87' lang='grc'><strong><em>’</em></strong></span> <span class='ocrx_word' id='word_1_169' title='bbox 423 3615 474 3697; x_wconf 83' lang='lat' dir='ltr'><strong>At</strong></span> <span class='ocrx_word' id='word_1_170' title='bbox 502 3634 557 3710; x_wconf 93' lang='lat' dir='ltr'><strong>tu,</strong></span> <span class='ocrx_word' id='word_1_171' title='bbox 585 3614 618 3698; x_wconf 93' lang='lat' dir='ltr'><strong>si</strong></span> <span class='ocrx_word' id='word_1_172' title='bbox 647 3643 723 3723; x_wconf 86' lang='lat' dir='ltr'><strong>qua</strong></span> <span class='ocrx_word' id='word_1_173' title='bbox 752 3643 881 3696; x_wconf 90' lang='lat' dir='ltr'><strong>recens</strong></span> <span class='ocrx_word' id='word_1_174' title='bbox 910 3614 1085 3696; x_wconf 84' lang='lat' dir='ltr'><strong>studium</strong></span> <span class='ocrx_word' id='word_1_175' title='bbox 1115 3613 1185 3696; x_wconf 89' lang='lat' dir='ltr'><strong>tibi</strong></span> <span class='ocrx_word' id='word_1_176' title='bbox 1215 3614 1392 3708; x_wconf 88' lang='lat' dir='ltr'><strong>contulit,</strong></span> <span class='ocrx_word' id='word_1_177' title='bbox 1423 3615 1522 3697; x_wconf 83' lang='lat' dir='ltr'><strong>etier.</strong></span> 
     </span>
     <span class='ocr_line' id='line_1_26' title="bbox 208 3740 1520 3851; baseline -0.003 -25"><span class='ocrx_word' id='word_1_178' title='bbox 208 3747 288 3826; x_wconf 76' lang='lat' dir='ltr'><strong>Stre.</strong></span> <span class='ocrx_word' id='word_1_179' title='bbox 380 3743 545 3849; x_wconf 69' lang='lat' dir='ltr'><strong>(sDane,</strong></span> <span class='ocrx_word' id='word_1_180' title='bbox 576 3761 706 3825; x_wconf 90' lang='lat' dir='ltr'><strong>nostra</strong></span> <span class='ocrx_word' id='word_1_181' title='bbox 735 3743 857 3851; x_wconf 72' lang='lat' dir='ltr'><strong>quies</strong></span> <span class='ocrx_word' id='word_1_182' title='bbox 888 3762 1018 3825; x_wconf 86' lang='lat' dir='ltr'><strong>noster</strong></span> <span class='ocrx_word' id='word_1_183' title='bbox 1048 3740 1156 3824; x_wconf 92' lang='lat' dir='ltr'><strong>labor</strong></span> <span class='ocrx_word' id='word_1_184' title='bbox 1185 3763 1298 3849; x_wconf 89' lang='lat' dir='ltr'><strong>atque</strong></span> <span class='ocrx_word' id='word_1_185' title='bbox 1326 3741 1520 3850; x_wconf 80' lang='lat' dir='ltr'><strong>voluptas,</strong></span> 
     </span>
     <span class='ocr_line' id='line_1_27' title="bbox 424 3869 1687 3979; baseline -0.006 -26"><span class='ocrx_word' id='word_1_186' title='bbox 424 3870 554 3954; x_wconf 93' lang='lat' dir='ltr'><strong>Unam</strong></span> <span class='ocrx_word' id='word_1_187' title='bbox 583 3899 659 3979; x_wconf 87' lang='lat' dir='ltr'><strong>ego</strong></span> <span class='ocrx_word' id='word_1_188' title='bbox 688 3891 724 3953; x_wconf 88' lang='lat' dir='ltr'><strong>te</strong></span> <span class='ocrx_word' id='word_1_189' title='bbox 753 3870 969 3966; x_wconf 89' lang='lat' dir='ltr'><strong>dominam,</strong></span> <span class='ocrx_word' id='word_1_190' title='bbox 1000 3891 1113 3978; x_wconf 90' lang='lat' dir='ltr'><strong>teque</strong></span> <span class='ocrx_word' id='word_1_191' title='bbox 1142 3870 1296 3953; x_wconf 89' lang='lat' dir='ltr'><strong>hostem</strong></span> <span class='ocrx_word' id='word_1_192' title='bbox 1326 3869 1472 3952; x_wconf 80' lang='lat' dir='ltr'><strong>affusus</strong></span> <span class='ocrx_word' id='word_1_193' title='bbox 1501 3872 1632 3954; x_wconf 78' lang='lat' dir='ltr'><strong>arloro,</strong></span> <span class='ocrx_word' id='word_1_194' title='bbox 1680 3916 1687 3934; x_wconf 72' lang='lat'><em>‚</em></span> 
     </span>
     <span class='ocr_line' id='line_1_28' title="bbox 422 3995 1576 4106; baseline 0.006 -27"><span class='ocrx_word' id='word_1_195' title='bbox 422 3997 487 4079; x_wconf 86' lang='lat' dir='ltr'><strong>Tu</strong></span> <span class='ocrx_word' id='word_1_196' title='bbox 516 3995 632 4080; x_wconf 91' lang='lat' dir='ltr'><strong>decus</strong></span> <span class='ocrx_word' id='word_1_197' title='bbox 661 4026 701 4079; x_wconf 86' lang='lat' dir='ltr'><strong>es</strong></span> <span class='ocrx_word' id='word_1_198' title='bbox 731 4025 951 4093; x_wconf 89' lang='lat' dir='ltr'><strong>nemorum,</strong></span> <span class='ocrx_word' id='word_1_199' title='bbox 980 4019 1022 4080; x_wconf 94' lang='lat' dir='ltr'><strong>tu</strong></span> <span class='ocrx_word' id='word_1_200' title='bbox 1048 4022 1140 4106; x_wconf 75' lang='lat' dir='ltr'><strong>‘spes</strong></span> <span class='ocrx_word' id='word_1_201' title='bbox 1171 3996 1389 4105; x_wconf 86' lang='lat' dir='ltr'><strong>pastoribus</strong></span> <span class='ocrx_word' id='word_1_202' title='bbox 1420 4000 1576 4105; x_wconf 83' lang='lat' dir='ltr'><strong>ingerrs;</strong></span> 
     </span>
     <span class='ocr_line' id='line_1_29' title="bbox 423 4122 1383 4232; baseline 0 -27"><span class='ocrx_word' id='word_1_203' title='bbox 423 4124 483 4206; x_wconf 89' lang='lat' dir='ltr'><strong>Te</strong></span> <span class='ocrx_word' id='word_1_204' title='bbox 511 4144 616 4205; x_wconf 88' lang='lat' dir='ltr'><strong>vates</strong></span> <span class='ocrx_word' id='word_1_205' title='bbox 647 4125 857 4232; x_wconf 85' lang='lat' dir='ltr'><strong>magnique</strong></span> <span class='ocrx_word' id='word_1_206' title='bbox 887 4123 1015 4220; x_wconf 89' lang='lat' dir='ltr'><strong>duces,</strong></span> <span class='ocrx_word' id='word_1_207' title='bbox 1046 4145 1082 4206; x_wconf 93' lang='lat' dir='ltr'><strong>te</strong></span> <span class='ocrx_word' id='word_1_208' title='bbox 1105 4125 1255 4231; x_wconf 81' lang='lat' dir='ltr'><strong>Jupiter</strong></span> <span class='ocrx_word' id='word_1_209' title='bbox 1284 4122 1383 4206; x_wconf 84' lang='lat' dir='ltr'><strong>altus</strong></span> 
     </span>
     <span class='ocr_line' id='line_1_30' title="bbox 423 4248 1354 4358; baseline 0 -26"><span class='ocrx_word' id='word_1_210' title='bbox 423 4248 575 4358; x_wconf 88' lang='lat' dir='ltr'><strong>Diligit,</strong></span> <span class='ocrx_word' id='word_1_211' title='bbox 606 4277 648 4332; x_wconf 91' lang='lat' dir='ltr'><strong>ac</strong></span> <span class='ocrx_word' id='word_1_212' title='bbox 678 4249 806 4332; x_wconf 87' lang='lat' dir='ltr'><strong>iaculo</strong></span> <span class='ocrx_word' id='word_1_213' title='bbox 837 4250 976 4355; x_wconf 79' lang='lat' dir='ltr'><strong>refugit</strong></span> <span class='ocrx_word' id='word_1_214' title='bbox 1007 4250 1151 4332; x_wconf 76' lang='lat' dir='ltr'><strong>violare</strong></span> <span class='ocrx_word' id='word_1_215' title='bbox 1180 4250 1354 4346; x_wconf 90' lang='lat' dir='ltr'><strong>trisulc0,</strong></span> 
     </span>
     <span class='ocr_line' id='line_1_31' title="bbox 423 4375 1669 4487; baseline 0.002 -28"><span class='ocrx_word' id='word_1_216' title='bbox 423 4377 520 4475; x_wconf 91' lang='lat' dir='ltr'><strong>Quo</strong></span> <span class='ocrx_word' id='word_1_217' title='bbox 550 4375 634 4459; x_wconf 85' lang='lat' dir='ltr'><strong>ferit</strong></span> <span class='ocrx_word' id='word_1_218' title='bbox 663 4406 782 4460; x_wconf 88' lang='lat' dir='ltr'><strong>orrrrre</strong></span> <span class='ocrx_word' id='word_1_219' title='bbox 812 4405 962 4460; x_wconf 90' lang='lat' dir='ltr'><strong>nemus.</strong></span> <span class='ocrx_word' id='word_1_220' title='bbox 994 4379 1065 4470; x_wconf 83' lang='lat' dir='ltr'><strong>Te,</strong></span> <span class='ocrx_word' id='word_1_221' title='bbox 1096 4406 1213 4486; x_wconf 82' lang='lat' dir='ltr'><strong>quam</strong></span> <span class='ocrx_word' id='word_1_222' title='bbox 1244 4378 1479 4487; x_wconf 85' lang='lat' dir='ltr'><strong>pharetratus</strong></span> <span class='ocrx_word' id='word_1_223' title='bbox 1513 4378 1669 4485; x_wconf 48' lang='lat' dir='ltr'><strong>Apollo.</strong></span> 
     </span>
     <span class='ocr_line' id='line_1_32' title="bbox 423 4503 1484 4614; baseline 0.002 -27"><span class='ocrx_word' id='word_1_224' title='bbox 423 4505 558 4604; x_wconf 91' lang='lat' dir='ltr'><strong>Quam</strong></span> <span class='ocrx_word' id='word_1_225' title='bbox 588 4503 753 4587; x_wconf 86' lang='lat' dir='ltr'><strong>celebres</strong></span> <span class='ocrx_word' id='word_1_226' title='bbox 783 4534 904 4588; x_wconf 87' lang='lat' dir='ltr'><strong>arsere</strong></span> <span class='ocrx_word' id='word_1_227' title='bbox 934 4507 1007 4602; x_wconf 82' lang='lat' dir='ltr'><strong>dei,</strong></span> <span class='ocrx_word' id='word_1_228' title='bbox 1039 4534 1141 4588; x_wconf 89' lang='lat' dir='ltr'><strong>nunc</strong></span> <span class='ocrx_word' id='word_1_229' title='bbox 1170 4509 1339 4614; x_wconf 87' lang='lat' dir='ltr'><strong>Stupeus</strong></span> <span class='ocrx_word' id='word_1_230' title='bbox 1369 4506 1484 4601; x_wconf 86' lang='lat' dir='ltr'><strong>ardet,</strong></span> 
     </span>
    </p>
   </div>
   <div class='ocr_carea' id='block_1_3' title="bbox 492 4797 1275 4869">
    <p class='ocr_par' dir='ltr' id='par_1_3' title="bbox 492 4797 1275 4869">
     <span class='ocr_line' id='line_1_33' title="bbox 492 4797 1275 4869; baseline 0.005 -20"><span class='ocrx_word' id='word_1_231' title='bbox 492 4799 524 4851; x_wconf 85' lang='lat' dir='ltr'><strong>V.</strong></span> <span class='ocrx_word' id='word_1_232' title='bbox 543 4797 601 4863; x_wconf 70' lang='lat'><strong>64.-</strong></span> <span class='ocrx_word' id='word_1_233' title='bbox 614 4797 705 4851; x_wconf 63' lang='lat' dir='ltr'><strong>bunos</strong></span> <span class='ocrx_word' id='word_1_234' title='bbox 722 4826 732 4840; x_wconf 94' lang='lat'><strong>·</strong></span> <span class='ocrx_word' id='word_1_235' title='bbox 750 4799 784 4852; x_wconf 78' lang='lat' dir='ltr'><strong>V.</strong></span> <span class='ocrx_word' id='word_1_236' title='bbox 804 4801 857 4866; x_wconf 83' lang='lat'><strong>63:</strong></span> <span class='ocrx_word' id='word_1_237' title='bbox 877 4800 1028 4869; x_wconf 77' lang='lat' dir='ltr'><strong>driadesque</strong></span> <span class='ocrx_word' id='word_1_238' title='bbox 1049 4829 1058 4840; x_wconf 92' lang='lat'><em>-</em></span> <span class='ocrx_word' id='word_1_239' title='bbox 1080 4800 1111 4852; x_wconf 67' lang='grc' dir='ltr'><strong>Υ.</strong></span> <span class='ocrx_word' id='word_1_240' title='bbox 1133 4811 1184 4864; x_wconf 83' lang='lat'><strong>70:</strong></span> <span class='ocrx_word' id='word_1_241' title='bbox 1202 4817 1275 4853; x_wconf 75' lang='lat' dir='ltr'><strong>cane.</strong></span> 
     </span>
    </p>
   </div>
   <div class='ocr_carea' id='block_1_4' title="bbox 0 0 2083 5217">
    <p class='ocr_par' dir='ltr' id='par_1_4' title="bbox 0 0 2083 5217">
     <span class='ocr_line' id='line_1_34' title="bbox 0 0 2083 5217; baseline 0 0"><span class='ocrx_word' id='word_1_242' title='bbox 0 0 2083 5217; x_wconf 95' lang='lat' dir='ltr'><strong> </strong></span> 
     </span>
    </p>
   </div>
  </div>
 </body>
</html>
