4125 5217
779 415 809 465 rt
832 415 1020 467 aucotrcon
1044 415 1177 467 constas·
1561 400 1619 470 r81

331 547 1616 578 ...-.......-.--.-,.........-,.-.....-.-.....-.....

332 679 442 762 regina.
454 692 619 741 transversa
635 676 709 740 lacie
729 678 845 739 intuere
866 679 962 761 ipsum
985 676 1175 740 iuvenculam
1200 699 1300 761 regem
1323 695 1352 742 et
1372 679 1499 743 derisire
1519 682 1626 761 (Narn,

332 798 402 841 cum
422 775 469 839 sol
489 779 589 840 veneri
617 797 648 839 se
663 777 769 859 iungit,
792 776 953 859 periculosa
976 778 1131 840 cotriuntio
1152 781 1223 860 est);
1244 794 1273 841 et
1294 786 1442 863 postquam
1464 782 1563 842 tonitrui
1581 790 1626 866 pe·

334 879 451 959 regrina
471 875 556 939 sibilo
571 883 728 948 oratiorum,
751 877 825 938 idest
839 878 1055 938 susurrationes
1076 892 1105 939 et
1127 892 1216 939 nutus
1238 899 1313 961 quos
1334 877 1480 942 iaciebant
1502 880 1627 943 banaias

334 992 363 1040 et
384 977 535 1058 cataractarij
560 991 626 1059 post
646 994 715 1037 eum
737 991 841 1037 truanes
863 995 914 1058 per
933 995 1066 1037 cassiteras
1088 975 1133 1037 sei
1156 976 1242 1050 salas,
1255 1011 1266 1024 ·
1281 978 1382 1039 Nonae
1401 978 1557 1061 pracial...?
1578 980 1626 1042 liic

336 1075 447 1140 inducit
469 1075 525 1138 alia
547 1076 631 1156 signa
653 1074 739 1146 lacta,
760 1074 957 1157 significantia
980 1076 1042 1158 ipsa
1071 1088 1168 1138 lutura
1192 1074 1279 1138 raiatia.
1302 1097 1401 1138 trontte
1430 1078 1556 1140 sidirnus
1581 1100 1628 1141 ne-

337 1174 420 1238 bulas
441 1196 563 1257 surgere
584 1173 696 1257 pauni,
725 1173 797 1235 limo
829 1172 952 1255 palustri
984 1172 1161 1236 estalante?
1193 1175 1249 1237 linc
1281 1175 1353 1238 dicit
1385 1194 1504 1260 propter
1529 1199 1628 1262 querr-

335 1276 404 1338 dam
426 1274 605 1339 cardinalem
627 1277 677 1357 qui
698 1276 798 1334 sarrinia
821 1273 876 1336 laec
898 1272 1086 1348 assentiebat,
1101 1295 1152 1335 sen
1168 1276 1262 1357 ipsam
1278 1277 1355 1357 regis
1370 1291 1508 1352 nrnrtem,
1523 1291 1555 1339 ut
1569 1278 1629 1340 dus

338 1374 483 1456 durachii,
505 1394 596 1457 nepos
612 1375 684 1445 eius,
705 1372 791 1435 lieret
806 1393 866 1434 res.
889 1392 962 1455 ergo
983 1373 1073 1435 dicit:
1097 1394 1196 1435 norme
1211 1374 1325 1457 procul,
1340 1375 1415 1437 idest
1437 1378 1561 1439 incuria
1587 1397 1631 1439 ro·

339 1495 437 1548 arana,
458 1494 517 1558 que
537 1476 567 1535 in
582 1475 720 1535 avinione
743 1488 811 1535 tuaac
835 1488 907 1547 erat,
930 1473 1057 1535 vidimus
1072 1493 1195 1554 surgere
1210 1473 1341 1548 nebulas,
1356 1474 1430 1537 idest
1445 1477 1587 1560 principia
1601 1494 1631 1540 et

339 1572 461 1635 consilia
484 1572 570 1634 liuius
593 1574 644 1646 rei,
665 1571 790 1656 pttlostri
811 1570 878 1632 liutto
900 1569 1055 1633 canionis?
1076 1570 1237 1653 palustrem
1267 1570 1372 1634 linium
1402 1589 1491 1636 vocat
1518 1576 1630 1638 curiam

338 1692 502 1747 romanam,
524 1674 553 1734 io
574 1692 631 1755 qua
660 1671 755 1732 multa
780 1670 935 1732 inhonesta
958 1685 987 1731 et
1016 1670 1109 1732 iruulta
1133 1669 1210 1732 mala
1238 1673 1435 1748 conntictunt,
1457 1674 1497 1735 ita
1519 1693 1552 1735 ea
1573 1694 1632 1758 que

338 1792 374 1835 ex
396 1771 463 1835 loco
485 1769 565 1834 stralo
586 1771 750 1853 procedunt
774 1771 897 1832 minime
920 1770 996 1832 bona
1018 1789 1082 1832 esse
1104 1786 1237 1853 possunt.
1254 1770 1369 1833 Nebule
1384 1792 1455 1834 sero
1469 1793 1528 1857 qne
1541 1774 1634 1835 insur-

338 1886 418 1955 gunt
438 1891 475 1933 en
496 1871 618 1955 palustri
641 1870 714 1934 linus
734 1870 927 1953 dernpsiorcs,
950 1871 1045 1952 rassagis
1065 1885 1129 1931 atre
1150 1884 1180 1932 et
1194 1890 1291 1933 nocue
1311 1885 1381 1932 sunt
1395 1892 1484 1955 quarn
1507 1871 1561 1936 laec
1576 1893 1634 1957 que

339 1991 376 2035 ex
398 1970 570 2034 fluistinibus
601 1970 784 2054 procedunt3
806 1989 875 2031 nam
907 1968 956 2031 ille
988 1984 1195 2052 tempestatem
1229 1969 1374 2032 inducunt
1395 1985 1425 2032 et
1450 1971 1634 2054 grandinem,

339 2070 395 2135 nec
416 2091 489 2132 vero
509 2070 667 2132 soluntodo
689 2069 820 2153 pluviam
842 2068 963 2131 nitidam
987 2084 1016 2131 et
1038 2071 1208 2131 innocuam.
1229 2103 1250 2116 -
1271 2074 1296 2131 ol
1316 2070 1346 2129 in
1369 2077 1494 2131 raoslrom
1518 2070 1635 2141 cicladas,

341 2169 417 2235 idest
437 2184 617 2254 apportatas,
638 2189 730 2239 anana,
757 2169 833 2230 idest
854 2191 889 2231 ex
912 2168 1033 2251 palustri
1055 2170 1194 2232 asioione
1216 2168 1355 2231 ltaliam?
1376 2173 1440 2252 lpsa
1461 2170 1584 2234 consilia
1606 2185 1637 2234 et

341 2270 501 2355 primordia
532 2268 611 2331 mala
635 2270 675 2330 rei
705 2268 793 2330 liuius
815 2266 984 2330 lucrantia
1006 2284 1138 2330 nostram
1161 2289 1258 2343 asem,
1280 2268 1355 2330 idest
1375 2284 1479 2331 cotnra
1500 2284 1635 2332 nostrum

340 2369 481 2434 eliman-
491 2389 592 2441 storeae,
606 2387 659 2429 seu
675 2367 821 2428 uidimus?
832 2401 842 2414 ·
853 2387 921 2430 cmn
934 2387 1022 2449 grues
1034 2366 1162 2450 lugiunt,
1175 2368 1291 2429 ridetur
1301 2368 1442 2450 singnuin
1453 2370 1637 2452 tempestatis

342 2488 418 2532 esse.
440 2488 493 2551 pet
524 2468 577 2529 has
599 2487 687 2551 grues
709 2464 916 2549 intelliguntur
948 2466 1016 2529 boni
1040 2468 1093 2548 siri
1117 2483 1146 2529 et
1168 2466 1283 2549 providi
1304 2467 1366 2550 qui,
1387 2466 1445 2529 hoe
1473 2467 1585 2529 malum
1608 2483 1638 2530 et

341 2567 419 2632 barre
442 2581 649 2650 tempestatem
682 2564 826 2641 videntes,
848 2564 1019 2648 lugierunt;
1042 2565 1089 2647 alii
1119 2581 1189 2627 ante
1211 2568 1307 2649 ipsum
1337 2563 1462 2642 ntalum,
1483 2565 1541 2647 Alii
1567 2587 1638 2629 sero

342 2683 420 2753 post,
440 2681 470 2730 et
490 2686 522 2728 se
542 2665 739 2728 occuluerunt
760 2665 876 2748 trepidi.
891 2700 901 2711 ·
924 2671 1074 2748 trtrposqac
1089 2666 1128 2725 aad
1143 2664 1229 2726 litora
1244 2667 1375 2747 strergos?
1388 2684 1458 2726 cum
1473 2667 1527 2747 ipsi
1543 2669 1638 2748 mergi

342 2768 448 2832 colunt
475 2768 561 2850 ripas,
592 2766 733 2848 singnum
763 2780 807 2826 est
840 2766 1013 2826 mutationis
1053 2766 1196 2847 temporis
1228 2784 1264 2824 ea
1292 2783 1397 2825 sereno
1432 2766 1462 2825 in
1497 2764 1639 2847 pluriam.

344 2886 397 2951 per
415 2864 472 2928 hos
493 2862 612 2947 mergos
633 2862 842 2946 intelliguntur
863 2863 933 2925 nrali
955 2865 1009 2925 siri
1032 2879 1062 2925 et
1084 2862 1209 2925 barones
1231 2863 1292 2946 qui,
1313 2883 1381 2925 cum
1410 2864 1641 2948 apropinquaret

344 2965 419 3029 hora
438 2964 489 3027 ubi
510 2963 557 3047 alij
581 2962 649 3026 boni
665 2962 794 3047 lugiunt,
811 2962 1004 3025 firmaverunt
1024 2964 1055 3024 in
1077 2964 1139 3045 ipsa
1162 2960 1238 3023 attala
1261 2961 1455 3045 dispositione
1476 2977 1506 3025 et
1527 2965 1556 3024 in
1578 2965 1639 3046 ipsa

346 3066 427 3149 regia
440 3063 541 3127 domo.
552 3099 561 3111 ·
573 3084 641 3125 num
655 3062 781 3125 oidintns
795 3082 893 3124 coruos
908 3062 1078 3148 saiigasqao
1094 3064 1205 3146 uagos?
1221 3062 1296 3124 idest
1310 3063 1352 3124 ire
1374 3062 1511 3146 vagando
1532 3084 1640 3126 corsos

345 3163 518 3228 crocitando
540 3178 572 3237 et,
590 3162 732 3223 asinando
753 3181 837 3233 uoce,
853 3162 927 3224 idest
949 3181 1088 3244 perperos
1117 3163 1197 3223 uiros
1219 3175 1249 3223 et
1269 3176 1384 3223 actores
1406 3162 1497 3245 ipsius
1519 3162 1587 3244 malj
1611 3178 1641 3225 et

345 3261 472 3325 fulicas?
493 3260 582 3324 lulica
611 3275 655 3323 est
677 3259 789 3322 tediosa
817 3262 880 3321 auis
901 3280 958 3344 que
986 3262 1139 3344 sepissime
1162 3260 1227 3322 binc
1254 3259 1320 3321 inde
1340 3281 1368 3322 se
1389 3262 1500 3345 satagit,
1523 3282 1576 3323 nec
1605 3262 1641 3323 ad

346 3361 426 3425 aliud
446 3360 544 3423 dedita
565 3375 620 3437 est,
642 3360 697 3421 nisi
719 3373 752 3421 ut
773 3375 893 3443 propter
914 3360 1013 3423 cibum
1036 3360 1219 3443 captandum
1240 3359 1357 3422 assidue
1381 3381 1413 3422 se
1434 3362 1562 3443 mergit;
1584 3382 1642 3445 que

346 3463 409 3524 auis
429 3460 578 3545 significat
599 3460 781 3544 proditorem
802 3461 864 3543 qui,
885 3481 916 3522 se
936 3459 1128 3536 occultando,
1146 3461 1346 3544 proditionem
1368 3461 1440 3545 agit.
1456 3462 1497 3523 sic
1512 3460 1553 3544 illj
1571 3462 1639 3543 malj

347 3561 417 3625 ltine
437 3564 514 3624 iutra
536 3582 568 3623 se
589 3558 789 3623 ascondebant
811 3576 841 3622 et
862 3562 892 3622 in
910 3576 993 3644 parte
1006 3559 1205 3623 ostendebant
1220 3580 1289 3623 cum
1305 3576 1422 3643 tempus
1437 3575 1523 3622 esset.
1538 3596 1549 3608 ·
1563 3583 1641 3633 tettan,

347 3681 400 3725 seu
421 3661 559 3737 uidimus,
580 3659 676 3722 sidero
698 3666 793 3729 analo,
815 3660 890 3722 idest
911 3662 1011 3722 onmia
1035 3659 1151 3722 turbata
1173 3674 1203 3721 et
1225 3658 1333 3743 probos
1355 3662 1434 3721 siros
1456 3661 1499 3721 ire
1520 3662 1642 3723 mestis-

347 3762 450 3837 simos,
472 3760 579 3844 quibus
609 3759 667 3820 hoc
689 3758 876 3842 appicebant,
898 3780 951 3822 nec
973 3760 1003 3820 in
1025 3758 1203 3842 suffragium
1232 3760 1275 3820 ire
1306 3762 1466 3842 poteraut?
1488 3774 1518 3821 et
1548 3758 1642 3821 nimbo

347 3858 472 3924 velatam
493 3858 641 3921 ostendere
656 3856 759 3942 aloru,
781 3857 855 3920 idest
870 3857 995 3920 lunam?
1010 3860 1090 3942 quia,
1105 3878 1175 3920 cunr
1191 3858 1262 3921 luna
1277 3859 1374 3922 relata
1389 3858 1497 3920 uitnbis
1512 3860 1643 3921 aseendit

334 3960 506 4034 orientem,
527 3957 667 4039 singnnnr
689 3955 865 4019 turbationis
888 3958 1041 4039 temporis,
1052 3957 1108 4019 celi
1131 3960 1290 4043 nrarisque.
1306 3960 1446 4041 perhanc
1468 3957 1645 4040 intelligitur

302 4057 307 4065 '
348 4059 411 4141 ipsa
434 4058 524 4132 reina,
539 4076 606 4140 que,
622 4053 717 4117 uelata
740 4053 859 4131 nimbis,
874 4057 949 4118 idest
962 4057 1135 4119 circundata
1150 4059 1242 4140 ipsius
1258 4058 1342 4119 malis
1357 4074 1386 4121 et
1400 4059 1535 4142 pessimis
1550 4059 1645 4119 comi·

349 4155 504 4220 littoribus
526 4154 562 4216 ed
583 4154 775 4230 ortatoribns,
788 4175 858 4237 sepe
873 4155 1051 4218 ascendebat
1066 4155 1159 4218 salam
1175 4173 1205 4219 et
1219 4177 1351 4220 catireras
1366 4174 1395 4219 et
1416 4158 1501 4232 arria,
1520 4159 1645 4219 circum-

348 4270 449 4339 specta
470 4252 671 4337 proditoribus
693 4255 743 4337 qui
766 4252 907 4316 nolebant
928 4275 996 4317 enm
1019 4271 1050 4317 et
1071 4271 1204 4318 alietatem
1227 4257 1289 4318 eius
1310 4255 1523 4319 obmictebant.
1543 4290 1562 4301 -
1584 4263 1644 4316 tarn

350 4356 425 4418 idest
456 4370 538 4426 tunc,
560 4367 590 4415 et
612 4352 741 4414 sidinms
773 4353 865 4415 raiulta
897 4355 1003 4437 singna
1036 4357 1184 4418 nascentis
1217 4354 1365 4438 procelle:
1386 4375 1445 4440 qne
1466 4358 1570 4434 singna
1593 4375 1645 4416 se-

351 4475 403 4516 nes
423 4452 557 4516 silvicole
578 4454 722 4526 cecinere,
737 4451 812 4515 idest
825 4452 925 4515 disere
940 4455 1025 4537 (pro:
1042 4456 1225 4539 disserunt),
1247 4457 1323 4519 idest
1345 4456 1471 4517 silianus
1493 4469 1563 4516 tunc
1586 4453 1643 4515 alia

351 4552 444 4615 multa
460 4554 564 4635 singna
579 4571 637 4636 que
651 4572 736 4613 senes
747 4551 889 4627 silvicole,
908 4555 982 4617 idest
997 4556 1144 4635 sapientes
1159 4556 1324 4626 ciuitatum,
1339 4555 1411 4617 olion
1427 4555 1565 4617 dixerunt
1581 4574 1644 4614 esse

350 4653 456 4736 singna
477 4652 626 4713 nascentis
641 4650 780 4733 procelle,
794 4653 870 4715 idest
884 4654 1058 4715 salutationis
1079 4656 1221 4736 temporis
1237 4656 1266 4715 in
1281 4656 1373 4738 peius,
1394 4673 1453 4738 qne
1474 4654 1509 4715 ad
1525 4673 1642 4714 moran·

353 4752 425 4815 dum
446 4766 563 4814 essent:
586 4750 661 4814 idest
682 4751 811 4814 vidimus
832 4752 925 4814 iruulta
946 4753 1077 4836 patentia
1099 4756 1205 4838 singna
1226 4753 1412 4839 precedentia
1435 4768 1464 4815 et
1492 4753 1645 4837 sequentia
