4125 5217
184 1152 206 1183 v.
220 1139 246 1181 fle
253 1159 262 1172 ·
270 1151 307 1180 roa

837 362 869 412 n
890 361 1080 413 nucontcuu
1102 365 1231 414 cneum
1613 365 1679 437 227

392 622 460 688 inde
481 624 609 708 peritura
630 638 660 686 et
681 622 776 688 lundit
796 626 934 710 contagia
950 628 1080 710 pestis...
1102 629 1161 690 iam
1183 630 1237 690 ista
1253 627 1309 690 lata
1325 641 1441 690 metunt
1463 628 1567 691 ultima
1589 650 1679 714 regna

394 743 515 789 recurva
536 723 625 800 lalce;
646 738 677 787 et
697 726 757 787 iam
778 728 868 809 pestis
889 729 1023 811 pervenit
1044 726 1357 811 costantinopolim.et
1377 727 1450 793 dicit
1470 750 1504 792 ea
1525 744 1608 815 parte
1621 751 1680 814 qua

394 838 504 909 pastor,
530 824 607 915 idest
633 825 832 902 costantinus,
853 827 952 910 posuit
980 828 1078 889 menia
1106 826 1246 910 gloriosa,
1267 828 1323 890 iste
1350 842 1451 911 pastor
1471 843 1585 905 vectus,
1606 830 1682 893 idest

395 939 528 1008 portatus
548 938 662 1009 partem
684 913 792 1009 grecie,
812 924 971 1010 designans
993 946 1102 989 novam
1126 927 1277 990 civitatem
1299 929 1473 991 marmoreis
1495 929 1631 993 menibus
1652 944 1682 993 et

394 1022 461 1087 altis
481 1025 583 1087 nautis.

476 1123 620 1187 Falleris:
641 1123 809 1209 Respondet
830 1124 998 1207 theophilus
1019 1140 1050 1189 et
1071 1126 1162 1189 dicit:
1184 1141 1216 1190 tu
1237 1125 1347 1191 stultus
1375 1126 1481 1190 falleris
1501 1130 1570 1212 quia
1591 1127 1682 1192 nichil

397 1239 441 1286 est
461 1221 542 1288 aliud
562 1226 616 1309 nisj
638 1227 715 1288 iusta
735 1224 778 1288 ira
799 1224 860 1301 dei;
882 1240 911 1288 et
933 1225 1014 1288 tarda
1029 1226 1095 1289 lerit
1110 1246 1163 1289 nos
1179 1225 1252 1296 bcne
1267 1228 1388 1291 me‘itos
1399 1250 1409 1304 ;
1429 1242 1459 1290 et
1479 1229 1534 1291 ista
1556 1231 1683 1311 percutit

398 1322 541 1407 populum
562 1340 758 1408 peccatorem.
779 1324 856 1401 ideo,
877 1345 897 1387 o
926 1341 1110 1409 peccatores,
1131 1326 1225 1411 fugite
1251 1347 1267 1389 a
1290 1327 1417 1410 peccatis
1438 1325 1475 1390 ad
1497 1348 1607 1412 rengna
1626 1334 1684 1393 'ce-

397 1418 491 1491 lestia.
511 1461 532 1475 -
553 1426 611 1489 Nee
631 1445 733 1488 mern:
752 1425 921 1509 Respondet
943 1424 1117 1509 Philogeus,
1137 1426 1259 1489 credens
1279 1426 1360 1511 quod
1380 1425 1550 1511 theophilus
1574 1428 1684 1523 diceret

397 1526 477 1613 quod
498 1524 634 1611 lugerent
653 1541 824 1611 peccatores
845 1527 875 1589 in
897 1526 968 1589 alias
990 1543 1107 1625 partes;
1128 1527 1178 1590 sed
1200 1548 1259 1590 non
1280 1542 1325 1592 est
1339 1529 1389 1591 ita.
1404 1542 1434 1591 et
1449 1527 1516 1591 ideo
1537 1528 1609 1592 dicit
1629 1531 1685 1592 iste

398 1625 478 1712 quod
498 1626 568 1712 luga
589 1648 735 1711 nusquam
758 1641 802 1689 cst
823 1643 887 1690 tnta
902 1642 932 1691 et
952 1648 1034 1690 mors
1049 1630 1183 1711 peruenit
1204 1648 1258 1690 nos
1272 1642 1302 1691 et
1322 1629 1457 1713 sequitur
1474 1649 1529 1692 nos
1550 1644 1581 1694 et
1601 1631 1685 1714 ponit

398 1726 481 1793 mille
495 1729 567 1790 retia
581 1727 611 1789 in
633 1726 728 1790 media
750 1728 807 1790 via.
822 1763 843 1776 -
855 1728 976 1813 Accipe:
999 1728 1167 1811 Respondet
1183 1726 1368 1812 Theophilus
1388 1742 1419 1791 et
1432 1728 1517 1794 dicit:
1532 1750 1552 1792 o
1567 1732 1685 1806 rustice,

398 1828 499 1912 accipe
519 1826 687 1903 consilium,
708 1828 776 1911 quin
798 1848 915 1912 semper
940 1828 1074 1891 cunutio
1095 1826 1150 1890 luit
1170 1828 1289 1892 inimica
1315 1826 1420 1891 subitis
1440 1828 1589 1913 perieulis.
1616 1829 1686 1907 huc,

398 1928 458 1993 huc
479 1929 561 2012 erige
587 1925 702 2004 oculos,
729 1926 779 1989 hie
807 1940 852 1989 est
878 1928 925 1989 via
947 1928 1065 1990 virtutis
1093 1942 1244 1990 ettamen
1272 1927 1327 1991 ista
1356 1929 1403 1990 via
1425 1943 1469 1991 est
1491 1927 1577 1992 valde
1596 1928 1686 2006 dura;

399 2029 485 2114 pauci
506 2026 683 2113 gradiuntur
702 2027 878 2111 peripsam,
899 2026 950 2089 sed
971 2043 1071 2091 tannen
1093 2042 1138 2091 est
1159 2029 1205 2090 via
1223 2049 1282 2112 que
1302 2028 1392 2091 ducat
1412 2049 1466 2090 nos
1487 2049 1577 2113 super
1596 2028 1686 2106 celos,

398 2130 450 2214 qui
469 2143 540 2193 sunt
559 2148 648 2212 super
667 2148 766 2191 aerem
787 2141 915 2211 angusto
936 2126 1010 2191 calle
1032 2143 1061 2189 et
1082 2129 1133 2213 qui
1155 2126 1275 2191 firment
1304 2128 1458 2191 hominem
1478 2126 1634 2212 fatigatum
1656 2130 1686 2192 in

400 2212 634 2314 religionefillic
647 2228 708 2290 uita
729 2225 853 2303 habitat,
867 2226 918 2289 sed
939 2247 956 2288 a
977 2228 1094 2296 sinistra
1109 2242 1153 2290 est
1174 2229 1223 2290 via
1237 2248 1297 2311 que
1316 2227 1415 2311 ampla
1428 2227 1511 2290 ducit
1525 2228 1562 2290 ad
1582 2244 1687 2312 stagna

400 2328 482 2392 vadis
503 2327 672 2404 fetentibus,
692 2326 768 2389 idest
788 2324 998 2402 infernalibus3
1019 2325 1060 2388 ibi
1082 2341 1114 2389 tu
1137 2327 1218 2389 vides
1238 2328 1324 2411 signa
1345 2328 1449 2389 mortis
1464 2342 1495 2390 et
1515 2326 1637 2411 paludes
1658 2343 1688 2391 et

399 2448 498 2492 aerem
518 2428 638 2513 nigrum
658 2424 786 2490 obscuro
800 2425 903 2502 lumo;
924 2425 975 2487 sed
997 2425 1088 2488 evade
1109 2426 1180 2489 istos
1202 2412 1283 2489 licus
1298 2441 1328 2489 et
1349 2425 1459 2509 prende
1473 2425 1598 2490 consilio
1620 2447 1688 2489 uteo

401 2528 480 2591 eiam
493 2526 650 2592 desieram.
664 2562 684 2575 ·
695 2528 816 2603 Enitar:
836 2525 1006 2610 Respondet
1027 2525 1187 2610 Philogeus
1201 2542 1231 2590 et
1245 2526 1333 2591 dicit:
1355 2546 1412 2610 ego
1426 2525 1558 2589 conabor
1571 2541 1601 2589 et
1621 2525 1688 2590 iden

399 2627 497 2710 incipe
517 2640 547 2690 et
567 2645 624 2711 ego
644 2645 751 2709 sequar
771 2639 801 2687 et
821 2624 938 2688 attolles
961 2646 1009 2688 me
1030 2638 1060 2687 et
1082 2626 1200 2709 porrige
1219 2626 1377 2688 desteram.
1399 2659 1420 2673 ·
1445 2624 1590 2688 Ultimus:
1610 2628 1689 2690 Res-

400 2727 511 2811 pondet
540 2724 744 2810 Theophilus:
773 2745 830 2809 ego
857 2723 962 2788 favebo
989 2724 1043 2787 tibi
1071 2740 1111 2801 et,
1138 2724 1298 2810 inpellante
1325 2740 1366 2802 te,
1394 2739 1427 2788 tu
1454 2725 1631 2788 commenda
1659 2740 1689 2788 te

401 2824 465 2905 tibi,
486 2846 541 2889 nee
561 2823 646 2889 labor
666 2840 770 2910 gravet
789 2838 830 2902 te,
851 2838 908 2888 etc.

926 3150 1077 3273 [naon
1098 3178 1155 3274 κ]

485 3507 573 3587 Quid,
594 3508 732 3573 Silvam:
748 3512 782 3572 ln
795 3510 851 3572 ista
865 3506 980 3572 decima
995 3508 1103 3594 egloga
1124 3508 1250 3573 intendit
1264 3522 1353 3572 autor
1364 3506 1522 3572 ostendere
1542 3508 1689 3591 poeticam

402 3611 556 3674 scientiam
577 3630 641 3672 esse
661 3610 823 3674 extinctam
844 3624 874 3671 et
895 3629 931 3672 ex
952 3611 1016 3693 ipso
1038 3624 1155 3672 tantum
1175 3608 1230 3672 luit
1251 3611 1403 3672 suscitata.
1414 3609 1501 3673 etad
1521 3607 1580 3671 hoe
1601 3608 1691 3668 intro-

403 3710 485 3775 ducit
503 3710 579 3774 duos
599 3726 731 3796 pastores
751 3731 880 3796 quorum
907 3731 1001 3774 unum
1029 3726 1117 3774 vocat
1146 3726 1304 3788 socratem,
1325 3713 1364 3774 Et
1384 3709 1512 3773 altemm
1532 3706 1689 3771 silvanum.

403 3813 460 3876 Per
478 3825 625 3875 socratem
646 3810 785 3895 intelligit
806 3832 899 3874 unum
921 3813 1070 3874 musicum
1092 3815 1212 3874 nomine
1233 3799 1516 3896 lodovicunnquem
1537 3826 1626 3873 vocat
1646 3830 1692 3871 so

403 3926 514 3975 cratem
535 3911 672 3996 eoquod
693 3927 756 3974 erat
776 3912 823 3973 eir
843 3910 995 3974 modestus
1017 3927 1047 3974 et
1068 3910 1187 3974 moralis
1208 3912 1286 3974 sicut
1313 3910 1368 3973 luit
1388 3927 1529 3973 socrates.
1551 3912 1608 3974 Per
1627 3909 1691 3975 Sil·

401 4031 511 4074 vanum
532 4010 709 4096 intelligitur
728 4026 871 4096 petrarca.
887 4026 917 4073 et
937 4013 1034 4096 primo
1054 4011 1216 4074 introducit
1236 4027 1384 4073 socratem
1406 4009 1460 4073 sibi
1481 4011 1625 4087 amicum,
1640 4012 1692 4071 in-

402 4112 569 4196 quirentem
583 4131 704 4174 causam
717 4110 828 4173 doloris
842 4112 933 4194 ipsius
947 4126 1090 4195 petrarce.
1106 4110 1173 4174 ideo
1187 4111 1277 4175 dicit:
1291 4131 1311 4173 o
1325 4125 1469 4195 petrarca,
1483 4130 1576 4194 quare
1582 4108 1691 4172 doles?

402 4230 461 4295 que
473 4218 527 4273 'eet
546 4229 634 4272 causa
655 4224 737 4273 tante
757 4209 899 4293 querele?
1116 4279 1117 4284 ἵ

484 4311 601 4373 Nescis:
624 4308 794 4394 Respondet
814 4308 951 4373 Silvanus
972 4326 1003 4373 et
1023 4326 1196 4387 excusasse,
1210 4310 1312 4374 dicens
1326 4310 1406 4396 quod
1428 4330 1488 4372 non
1510 4324 1607 4392 potest
1629 4328 1692 4369 nar·

404 4431 468 4474 rare
489 4431 610 4474 causam
631 4408 742 4473 doloris
763 4412 825 4488 sui;
847 4425 876 4473 et
897 4410 964 4474 ideo
978 4411 1065 4473 dicit:
1088 4412 1183 4473 nescis
1198 4427 1231 4473 tu
1245 4409 1372 4497 qualiter
1389 4407 1507 4472 dolores
1528 4408 1628 4490 magni
1651 4408 1694 4468 in-

382 4576 384 4580 .
402 4526 590 4595 termmpunt
610 4509 700 4574 verba
722 4512 811 4573 mea?
825 4530 909 4595 ergo,
923 4531 942 4573 o
956 4531 1024 4574 care
1038 4513 1143 4587 atttice,
1157 4511 1228 4595 quid
1243 4511 1368 4596 precipis
1384 4530 1432 4571 me
1446 4508 1548 4593 loqui?
1562 4522 1591 4569 et
1606 4507 1691 4569 dicit:

402 4612 546 4697 numquid
566 4611 660 4675 homo
680 4626 791 4696 pastor,
811 4631 864 4674 seu
885 4632 942 4696 ego
962 4614 1083 4696 ignams
1105 4628 1202 4696 poeta,
1220 4610 1364 4694 numquid
1386 4630 1507 4693 possum
1528 4606 1693 4670 describere

335 4775 337 4780 .
386 4712 471 4783 ‚deas
492 4713 650 4775 mortuas?
669 4726 749 4776 certe
778 4732 843 4776 non
863 4727 950 4795 poeta
978 4727 1078 4796 posset
1103 4712 1171 4775 hoc.
1194 4733 1245 4796 per
1272 4711 1358 4775 deam
1386 4707 1562 4792 intelligitur
1582 4706 1692 4783 laurus,
