4125 5217
768 444 798 494 n
822 444 1007 495 nucoucuu
1030 448 1160 495 crerint
1539 449 1601 517 ²¹5

323 701 461 779 defendit,
482 724 519 766 ne
539 705 594 788 ipsi
621 707 764 788 principer
794 707 904 787 routauj
927 705 1069 782 tulerunt,
1089 707 1277 790 depredando
1304 708 1378 769 berun
1408 709 1507 792 perpulj
1530 714 1605 774 sicut

323 811 546 865 consueverunt.
569 838 589 852 -
609 805 697 866 tristis
718 825 810 879 ttrstts,
831 804 905 867 idest
925 806 1030 868 doinus
1053 809 1150 868 ursina
1173 827 1231 867 non
1255 826 1431 883 moriuntur,
1451 810 1525 872 idest
1547 833 1605 871 non

325 901 450 987 amplius
470 900 648 966 subinceudo
669 902 808 987 loquitur.
829 938 849 950 -
869 911 894 965 el
914 907 1084 987 sirrrgnirrrus
1106 916 1175 990 uper
1196 928 1252 966 nun
1273 908 1352 976 seuit.
1375 909 1448 971 idest
1470 909 1509 991 ltij
1533 911 1607 992 prin·

326 1001 405 1086 cipes
425 1001 503 1065 illius
523 1000 642 1063 alterius
663 1001 779 1077 domus,
799 1022 858 1086 que
886 1022 939 1084 pro
960 1004 1076 1084 insigne
1103 1026 1206 1066 eoruiu
1229 1003 1359 1068 lerebnut
1381 1027 1495 1090 aprum.
1528 1029 1607 1071 tuen·

327 1103 439 1165 tionem
459 1099 528 1164 lacit
548 1100 584 1162 de
605 1102 674 1183 ipsis
696 1100 854 1162 maioribus
879 1101 1015 1163 domibus
1045 1123 1137 1174 route.
1159 1126 1217 1165 nou
1241 1106 1421 1167 norninuudo
1442 1109 1567 1188 insigna.
1588 1143 1608 1155 -

328 1222 382 1262 nun
403 1202 507 1285 erigitis
526 1198 631 1270 sibilat,
652 1220 703 1262 seu
725 1199 843 1261 ibidem.
858 1235 877 1247 -
898 1223 951 1261 nun
976 1202 1073 1286 rapidi
1093 1202 1182 1264 irenes
1203 1203 1322 1287 adigunt
1342 1206 1445 1287 precius
1466 1228 1499 1266 rx
1522 1227 1607 1275 rnurr.

328 1299 404 1362 sicut
430 1315 653 1362 consueverant.
681 1333 701 1345 -
729 1321 783 1360 nuit
812 1299 906 1383 aquile
933 1302 1102 1363 circundant
1128 1323 1226 1387 ugnus,
1252 1303 1326 1364 idest
1353 1305 1432 1365 ciues
1462 1325 1608 1379 romanos,

327 1413 415 1484 prout
434 1415 658 1473 consueverunt,
679 1398 817 1462 curribus
838 1400 1005 1483 uutguibur.
1019 1437 1029 1448 ·
1044 1410 1141 1473 cristus,
1163 1401 1238 1464 idest
1259 1403 1321 1484 ipse
1342 1402 1487 1479 tribunus,
1501 1424 1609 1466 cuneus

328 1499 475 1584 perdulce,
489 1499 570 1561 sedet
584 1498 701 1561 excelso
721 1519 840 1581 aggere,
854 1500 928 1563 idest
942 1502 972 1562 iu
987 1503 1051 1584 ipso
1064 1500 1215 1585 capitolio.
1229 1536 1240 1549 ·
1254 1502 1340 1564 dicit:
1354 1502 1487 1586 perdulce
1499 1524 1610 1579 currens,

328 1599 397 1685 quia
417 1601 479 1683 ipse
500 1597 644 1674 tribunus,
658 1599 708 1683 qui
723 1614 908 1682 nuncupatus
929 1615 972 1662 est
993 1600 1058 1662 coln
1082 1602 1156 1684 retii,
1174 1600 1229 1663 luit
1244 1603 1289 1663 vir
1309 1600 1566 1685 eloquentissimus
1581 1620 1610 1666 et

327 1702 458 1784 optimus
478 1699 613 1763 dictator.
634 1733 654 1746 ·
673 1707 778 1783 pascua
799 1707 858 1760 lule
878 1698 969 1775 sileni,
984 1701 1058 1763 idest
1078 1722 1183 1763 ouutes
1199 1700 1271 1764 sines
1294 1721 1483 1764 romanorum
1506 1704 1611 1787 etipse

328 1799 434 1862 domus
455 1799 555 1884 populi
576 1819 678 1862 secure
698 1798 795 1875 silent,
810 1800 884 1862 idest
897 1801 1059 1884 quiescunt.
1076 1836 1095 1848 -
1109 1809 1260 1885 utriunque
1274 1800 1358 1874 lutus,
1371 1822 1424 1864 seu
1438 1802 1611 1865 adriaticum

330 1914 361 1962 et
379 1920 541 1963 occeanum
563 1900 646 1962 audit
666 1920 795 1975 cannen,
816 1900 891 1962 idest
912 1921 1015 1964 torem
1045 1917 1075 1963 et
1102 1903 1180 1963 iussa
1201 1902 1309 1985 ipsius3
1337 1916 1366 1965 et
1388 1917 1536 1964 extremus
1557 1923 1612 1964 cn-

330 1997 419 2077 laber‚
440 1999 514 2062 idest
535 1999 616 2061 audit
637 2019 766 2076 carmem
788 2016 816 2062 ct
839 2018 967 2063 recessus
988 2000 1118 2084 ligurum
1141 2016 1244 2064 teneus
1265 2021 1410 2064 eonnesca
1431 2004 1517 2085 septi,
1539 2001 1613 2065 idest

329 2100 415 2163 divisi
436 2099 580 2183 undifragi
602 2099 704 2183 pelori,
725 2100 799 2162 idest
820 2102 850 2161 iu
870 2099 972 2162 sicilia.
994 2137 1014 2148 -
1039 2103 1065 2163 si
1084 2121 1178 2164 ‘vetem
1205 2101 1347 2173 extulerit,
1368 2122 1421 2164 seu
1442 2103 1504 2185 ipse
1524 2102 1613 2165 tribu·

330 2222 396 2278 nus,
417 2198 550 2274 lttrlelril,
572 2201 646 2263 idest
667 2202 771 2263 timere
791 2198 878 2262 societ
892 2220 1010 2261 maurus
1025 2218 1054 2263 et
1069 2201 1154 2262 iudos
1169 2215 1199 2263 et
1218 2202 1300 2263 nives
1320 2200 1439 2263 arthous
1461 2216 1490 2263 et
1510 2221 1613 2265 arenas

330 2301 452 2365 calentis
472 2302 573 2386 austri.
601 2335 621 2348 ·
647 2302 760 2385 inperat
780 2299 845 2382 hijs,
866 2320 917 2362 seu
946 2300 1079 2363 tribunus
1108 2321 1161 2364 vos
1189 2299 1338 2387 cohybere
1359 2300 1493 2385 linguam
1518 2300 1613 2377 nobis,

332 2400 407 2466 idest
434 2417 532 2464 tacere
559 2403 627 2486 quia
656 2399 745 2463 nichil
774 2400 886 2462 habetis
915 2402 944 2462 in
971 2401 1027 2483 hijs
1058 2400 1143 2463 rebus
1172 2421 1270 2484 agere.
1291 2436 1312 2448 -
1332 2401 1373 2463 lle
1393 2402 1517 2474 dentum,
1538 2402 1614 2464 idest

331 2502 369 2566 ad
389 2516 485 2565 vestra
506 2517 620 2578 eastra;
646 2502 696 2577 ite,
717 2501 794 2576 dico,
815 2501 937 2563 dotarunt
966 2501 1088 2563 tondere
1116 2503 1218 2584 inopes
1246 2499 1384 2584 capellas,
1406 2499 1480 2563 idest
1501 2500 1614 2564 villicos

331 2603 488 2666 servitores
510 2597 539 2664 ¹et
559 2602 610 2686 qui
637 2599 745 2663 subditi
768 2599 851 2662 tobis
872 2617 950 2677 sunt,
973 2616 1002 2663 et
1028 2617 1154 2664 inatretu
1177 2616 1206 2663 et
1228 2598 1371 2685 populum
1402 2620 1557 2663 routnuum
1586 2615 1616 2665 et

333 2701 496 2787 relinquite.
517 2736 538 2749 -
558 2707 643 2786 negat
662 2701 739 2762 alrnrr
761 2708 860 2774 tituler,
882 2702 956 2764 idest
984 2723 1067 2764 roma
1089 2701 1135 2765 vel
1157 2700 1284 2786 populus
1307 2721 1456 2776 mutunus,
1479 2721 1615 2765 teresse

332 2818 445 2888 partem
466 2802 510 2885 suj
534 2802 624 2883 uterj3
638 2803 706 2887 quin
728 2801 841 2863 adversi
864 2803 949 2877 estis;
964 2818 993 2864 et
1014 2804 1101 2877 iurat,
1122 2823 1173 2865 seu
1197 2818 1301 2877 mater,
1322 2822 1375 2863 seu
1397 2822 1450 2862 tos
1472 2821 1535 2863 esse
1556 2805 1616 2885 pin·

333 2924 426 2989 gnora
447 2901 517 2965 ialsa
537 2903 687 2986 supposita
708 2900 772 2984 sibj,
794 2902 868 2964 idest
890 2923 943 2963 tos
965 2924 1024 2965 non
1046 2922 1109 2965 esse
1131 2901 1208 2964 lilios
1229 2902 1303 2978 eius,
1318 2900 1369 2965 sed
1386 2901 1565 2985 alienigenas
1587 2918 1616 2964 et

332 3002 469 3067 advenas.
490 3037 511 3050 ·
537 3008 571 3074 le,
599 3021 650 3063 seu
678 3000 801 3063 dirutum
829 3003 968 3077 ursinam,
996 3002 1080 3064 vallis
1107 3003 1246 3086 prosimu,
1272 3000 1348 3063 idest
1369 2999 1453 3063 vallis
1478 3000 1616 3083 spolitino

333 3104 424 3180 misit,
444 3121 496 3164 seu
519 3120 642 3164 romani.
665 3122 733 3163 nant
754 3102 821 3162 inde
834 3117 933 3163 ortum
955 3122 1042 3164 suunt
1065 3118 1179 3164 trusere
1201 3103 1301 3164 ursini.
1322 3121 1391 3186 qua,
1412 3100 1487 3163 idest
1507 3102 1537 3162 iu
1558 3123 1615 3184 qua

333 3200 420 3279 valle,
434 3194 566 3263 armenta
587 3199 741 3285 spoletina,
755 3200 830 3262 idest
851 3202 930 3262 viros
952 3200 1064 3264 nobiles
1085 3200 1190 3286 spoleti
1212 3216 1243 3263 et
1264 3220 1369 3285 greges
1387 3201 1528 3284 protervi,
1542 3200 1617 3262 idest

333 3304 412 3366 cives
432 3300 565 3363 crudeles
586 3302 676 3384 ipsius
697 3302 823 3363 civitatis
844 3300 947 3386 spolet]
965 3318 1080 3365 metunt
1095 3303 1219 3364 uirentia
1240 3316 1323 3385 prata
1347 3301 1513 3384 appennige
1534 3300 1617 3373 silve,

332 3401 409 3466 idest
427 3401 499 3463 silva
521 3422 578 3486 que
593 3416 635 3463 est
651 3403 731 3463 iuste
751 3403 970 3484 appenninum
991 3403 1074 3486 qussi
1091 3402 1187 3464 dicat:
1203 3400 1260 3464 hoc
1275 3402 1354 3464 enirn
1369 3402 1431 3464 scio
1445 3415 1485 3475 te,
1501 3421 1552 3462 seu
1568 3400 1617 3461 do-

334 3522 417 3565 mum
438 3500 661 3579 colunnensem,
682 3501 768 3564 tellus
789 3501 950 3586 longinqua
972 3501 1053 3564 dedit
1074 3518 1102 3564 ct
1118 3523 1226 3586 pascua
1242 3502 1311 3585 renj.
1328 3504 1406 3564 Natu
1420 3500 1617 3563 colunuenses

335 3621 371 3664 ex
392 3603 454 3685 ipsa
477 3602 535 3685 reuj
558 3599 645 3677 valle,
667 3602 695 3663 in
716 3622 774 3686 qut
795 3600 958 3664 theutonici
980 3623 1033 3663 seu
1048 3602 1208 3686 gernutnicj
1226 3616 1389 3674 morantur,
1405 3601 1546 3682 principia
1563 3616 1617 3661 tru-

335 3720 413 3764 xere.
435 3700 481 3764 Ad
506 3721 564 3786 que
592 3701 759 3785 Respondet
785 3703 926 3763 martius:
956 3722 1029 3764 irunt
1057 3699 1192 3783 irretiririj;
1218 3721 1271 3763 seu
1297 3699 1355 3763 hoc
1382 3701 1462 3784 quod
1483 3700 1555 3762 dicis
1580 3700 1617 3761 de

334 3802 477 3885 progenie
498 3815 666 3863 nostrorum
688 3800 836 3862 audieram
858 3816 971 3863 veteres
992 3800 1147 3878 bubulcos,
1169 3799 1244 3863 idest
1269 3814 1407 3884 patrones
1429 3814 1458 3862 et
1479 3800 1616 3884 antiquos

335 3915 463 3979 nostros,
484 3920 611 3978 narrare,
631 3919 683 3961 seu
705 3899 762 3963 hoc
783 3899 861 3962 idem
881 3900 960 3984 quod
981 3901 1063 3963 dicis.
