4125 5217
373 665 536 773 Quique
563 692 722 773 gregem
752 663 874 747 calida
902 663 1054 770 gelidus
1084 664 1184 748 male
1214 666 1319 772 pavit
1350 666 1388 747 in
1422 663 1564 760 litlma;

374 793 468 904 Qui
487 792 600 874 docet
628 790 822 899 ephesios,
851 793 961 874 tirios
990 793 1057 898 qui
1087 820 1265 899 rumpere
1294 819 1466 900 campos.

375 920 505 1002 Docto
535 945 578 1000 ac
606 916 815 999 dulcisono
844 915 1019 999 divulsus
1048 917 1095 999 ab
1124 919 1295 1023 agmine,
1323 918 1479 1001 tandem

377 1043 544 1138 flector;
566 1040 619 1126 ibi
641 1071 764 1124 unum
784 1071 936 1136 omnes,
957 1071 1165 1125 nemorum
1187 1071 1304 1150 quem
1325 1046 1448 1151 turpis
1470 1044 1629 1128 habebat

376 1168 574 1277 Angelus,
603 1188 641 1251 et
669 1170 776 1251 tenui
807 1168 979 1252 ridebant
1009 1198 1152 1275 pascua
1181 1190 1292 1264 nutu,

377 1295 519 1379 Nudus
548 1316 591 1378 ut
620 1293 685 1378 ille
714 1296 829 1400 iugis,
860 1294 1062 1378 macedum
1093 1324 1331 1404 raucumque
1360 1297 1547 1393 canendo,

379 1422 591 1530 indignum
621 1423 755 1528 magni
785 1421 968 1529 predonis
998 1422 1144 1506 rettulit
1172 1451 1323 1505 aurum.
1622 1466 1658 1505 sn

336 1548 456 1655 qsed
483 1547 578 1657 quid
597 1550 699 1655 ago?
730 1549 809 1631 Aut
830 1551 959 1654 patrijs
978 1577 1169 1655 quorsum
1191 1552 1416 1657 peregrinor
1434 1551 1481 1634 ab
1501 1553 1626 1634 arvis?

379 1674 662 1759 Doctior'inde
690 1673 855 1758 domum
885 1674 988 1757 fesso
1017 1675 1113 1758 dum
1143 1667 1433 1784 remige'portu
1467 1672 1469 1676 '

382 1801 590 1908 Brundusii
620 1829 791 1910 egresso,
821 1803 970 1885 iuvenis
1000 1802 1301 1911 placidissimus,
1330 1802 1410 1886 alto

380 1929 613 2025 Occurrens,
642 1927 831 2036 trepidam
864 1930 1029 2035 porrexit
1059 1928 1105 2012 ab
1135 1956 1274 2035 aggere
1302 1927 1496 2020 dextram:

381 2055 680 2161 Maternumque
709 2053 880 2137 ostendit
908 2083 1022 2137 avum
1055 2084 1122 2164 per
1149 2083 1236 2138 rura
1267 2055 1424 2138 iacentis
1624 2086 1697 2135 un..

381 2181 526 2290 Apulie
554 2180 828 2288 colubrumque
858 2209 995 2263 nemus
1024 2180 1097 2264 sub
1125 2181 1225 2264 valle
1254 2180 1398 2278 Galesi,

382 2309 547 2416 lngenio
575 2306 801 2415 agricolam,
831 2307 938 2390 nulla
965 2329 1095 2391 tamen
1125 2329 1203 2391 arte
1232 2307 1426 2391 colentem

383 2432 504 2516 Plana
530 2434 660 2516 virum
689 2433 815 2515 video
847 2435 928 2515 Nec
955 2461 1089 2516 secum
1119 2434 1244 2517 multa
1272 2432 1440 2529 locutus,

384 2560 549 2644 Eminus
579 2561 808 2666 Arunceque
838 2558 974 2641 ducem
1005 2559 1279 2667 populumque
1307 2558 1449 2656 salut0,

384 2687 509 2770 Moris
538 2706 705 2769 aratores
734 2687 899 2792 veterisp
926 2714 1079 2794 quaque
1108 2685 1276 2768 Aufidus
1305 2713 1428 2792 equor

364 2855 369 2864 ·
384 2815 518 2898 Fertur
534 2813 587 2895 ·in
616 2811 829 2909 adriacum,¹
841 2849 844 2854 ·
855 2814 979 2920 patrio
995 2812 1083 2895 sub
1094 2850 1097 2858 ·
1109 2813 1206 2895 sole
1217 2833 1438 2920 perustum,

385 2939 586 3024 Libertum
614 2939 858 3046 dominoque
888 2939 956 3021 lira
983 2938 1246 3046 gregibusque
1276 2938 1491 3045 placentem

337 3055 342 3063 ’
386 3066 594 3175 Alloquor.
624 3065 718 3148 Inde
747 3066 845 3148 alius
873 3064 991 3171 gelidi
1020 3064 1228 3148 Sulmonis
1258 3064 1442 3150 alumnus

388 3191 514 3276 Multa
542 3194 688 3289 iocans,
718 3191 957 3300 longamque
985 3193 1108 3274 aciem
1139 3217 1355 3299 peropaca
1384 3190 1571 3273 latentur-r

387 3318 612 3403 Ostendens
640 3318 779 3426 digitu,
811 3317 940 3400 luscos
969 3320 1114 3426 aperire
1144 3346 1315 3401 recessus
1636 3359 1673 3396 ιφ

389 3446 574 3529 Tentavit
602 3444 752 3527 lrustra.
784 3446 924 3528 Vultus
953 3445 1187 3527 densissima
1216 3443 1338 3526 nubes

389 3571 556 3655 Texerat
583 3570 804 3678 ambiguos,
833 3569 996 3653 dubium
1026 3572 1090 3652 vix
1120 3597 1300 3653 murmur
1327 3568 1374 3652 ad
1403 3597 1513 3651 aures

390 3698 496 3781 Aura
523 3696 624 3780 tulit.
654 3698 862 3795 Quantum
892 3699 930 3778 in
962 3697 1075 3779 nobis
1105 3696 1253 3779 oblivia
1283 3698 1468 3804 possunt!

391 3824 505 3908 Unus
535 3824 575 3907 in
603 3824 679 3908 hoc
709 3853 887 3921 numero,
916 3822 1088 3931 gaudens
1117 3853 1157 3906 se
1187 3822 1353 3905 condere
1382 3824 1474 3904 viro

391 3952 527 4047 Fonte,
555 3949 651 4033 deos
680 3979 900 4045 nemorum,
931 3948 1143 4033 fluviorum
1174 3951 1312 4032 arsisse
1343 3947 1512 4056 puellas;
1640 3986 1675 4026 us

461 4243 554 4296 lvetri
570 4240 637 4299 168-
650 4253 714 4305 170:
733 4261 858 4297 maneano
871 4244 912 4296 nel
934 4243 1022 4295 eruic:
1040 4243 1117 4294 vlu.
1129 4242 1162 4299 G,
1177 4252 1202 4304 7.
1215 4241 1284 4293 delle
1306 4240 1372 4293 Bibl.
1386 4241 1450 4292 Nar.
1459 4240 1487 4291 di
1509 4239 1611 4305 Neapoli.
1630 4239 1675 4288 clr.

392 4352 450 4404 pag.
473 4348 529 4398 rp-
550 4333 746 4397 v.169:erhua
767 4362 780 4373 -
802 4336 833 4386 V.
856 4335 1030 4395 1702'1tn0s.
1052 4362 1065 4373 -
1088 4334 1121 4383 l’.
1146 4345 1210 4394 ¹7¹2
1231 4332 1253 4382 ll
1265 4332 1323 4382 eorl.
1342 4331 1416 4382 t'111.
1429 4332 1462 4381 tt.
1485 4342 1507 4392 ,·.
1522 4330 1589 4380 della
1615 4331 1677 4379 Nas.

391 4427 419 4478 di
444 4425 538 4492 Nepoti
557 4427 590 4477 da
611 4426 744 4477 «altisono
754 4445 779 4473 n.
799 4454 808 4463 ·
830 4426 860 4476 tri
879 4427 922 4491 piit
942 4426 949 4475 i
970 4442 1019 4475 rav.
1044 4425 1169 4487 tyb-179
1188 4425 1209 4474 si
1229 4424 1341 4490 leggono
1358 4438 1407 4472 eon
1427 4434 1515 4488 queste
1536 4419 1654 4469 varianti:

687 4564 800 4619 errdrnij
813 4580 919 4620 egrenrun
934 4564 1017 4619 placido
1033 4568 1165 4619 rnrrsstntnqne
1180 4566 1275 4608 mmo

688 4639 732 4681 Ore
746 4639 877 4682 verecundus
890 4639 981 4690 aree-epit
996 4638 1024 4680 ab
1038 4652 1118 4692 aggere
1131 4648 1212 4691 pastor.
1227 4638 1277 4688 (cfr.
1292 4648 1342 4689 m.
1357 4639 1401 4689 tp).

468 4752 500 4805 Υ.
523 4751 585 4807 181:
605 4751 694 4818 galesi.
713 4779 721 4790 ·
743 4751 774 4802 Υ.
798 4766 857 4819 193:
877 4766 1008 4819 quantum,
