4125 5217
360 351 424 419 180
865 364 1016 415 anrosro
1039 366 1145 414 slusa

359 648 419 700 tue.
442 632 516 691 idest
538 630 688 690 dilectum
711 643 761 689 tua
787 648 845 711 que
868 629 895 687 in
919 641 948 687 te
969 642 998 688 et
1020 628 1049 687 in
1071 641 1211 707 cospectu
1234 624 1322 709 patris
1356 626 1409 695 tui,
1431 623 1557 690 subierit.
1579 624 1652 685 idest

359 730 548 800 ministrasit,
579 727 623 790 rel
654 728 770 787 induxit
801 726 910 787 oblisis
940 725 1017 787 illius
1047 724 1141 793 lactis,
1163 725 1238 786 idest
1265 723 1374 785 obliria
1404 723 1603 784 misericordie
1625 739 1653 783 et

360 829 579 912 propitiationis
602 844 661 894 tue,
684 828 829 908 promisse
858 825 944 886 nobis
966 845 1017 906 per
1038 823 1110 885 illud
1132 824 1186 886 lac.
1208 823 1281 884 -dc
1302 845 1386 906 gregr
1402 822 1465 906 soil
1485 825 1584 883 rosiris·
1606 831 1653 883 lan

360 930 423 1010 ipsa
454 926 574 1001 cibeles‚
596 926 759 987 secundum
792 924 942 992 lalmlamz
969 940 1088 1005 propter
1118 943 1208 1006 qtram
1241 924 1326 1002 virgo
1348 922 1438 982 maria
1456 920 1653 1003 intelligitur,

313 1043 315 1047 “
360 1048 419 1110 que
439 1027 475 1088 de
495 1024 641 1107 ingnobili
665 1024 814 1107 parentela
838 1041 866 1085 et
887 1022 992 1083 lmmili
1019 1021 1082 1083 luit.
1104 1057 1124 1068 -
1146 1021 1217 1082 lolio
1246 1028 1363 1105 qiu-sins,
1386 1018 1518 1082 subticuit
1539 1020 1654 1101 phitius.

359 1134 507 1211 pcrlnsqnc
529 1146 615 1185 monn
633 1126 771 1208 prrrrrssil
794 1130 820 1183 cl
840 1144 903 1182 ortt.

449 1224 568 1292 Sil-rins.
580 1224 654 1285 idest
669 1222 841 1289 franciscus.
855 1222 961 1283 auditis
980 1223 1049 1303 ipsis
1065 1220 1161 1283 serbis
1177 1219 1277 1303 plritie.
1292 1240 1351 1303 qne
1365 1240 1416 1303 per
1431 1217 1586 1302 epistulam
1602 1218 1654 1278 sibi

362 1327 494 1399 irriserat,
508 1322 594 1406 (nam
611 1344 687 1384 uitus
703 1338 765 1384 erat
781 1324 810 1384 in
827 1322 943 1404 liguria,
958 1342 1009 1383 seu
1026 1340 1127 1402 parure
1142 1319 1252 1386 silvius.
1268 1318 1343 1380 alius
1358 1318 1486 1380 sulmoni
1503 1320 1531 1380 iu
1544 1317 1655 1402 apulia)

364 1438 395 1486 et
409 1423 462 1484 lras
478 1421 704 1484 lamentationes
727 1420 883 1493 iaciebant,
905 1420 1060 1482 scribendo
1084 1422 1194 1481 mutuis
1216 1418 1348 1481 vicibus:
1372 1422 1460 1493 Nam,
1474 1438 1543 1480 cum
1559 1438 1574 1479 e
1593 1438 1657 1479 nea-

366 1523 424 1607 poli
443 1538 635 1592 recesserunt,
657 1522 759 1583 multis
782 1520 878 1583 serbis
895 1524 970 1582 inter
991 1540 1042 1581 eos
1063 1521 1187 1602 peractis
1208 1519 1285 1581 circa
1300 1517 1355 1579 hec
1377 1533 1406 1579 et
1429 1518 1556 1607 recentia
1571 1516 1657 1590 mala,

366 1641 443 1683 unus
465 1622 538 1704 petit
559 1619 697 1692 tusciam,
726 1620 811 1683 allter
832 1640 903 1681 sero
934 1619 1102 1681 sulmonem
1125 1640 1177 1680 seu
1198 1617 1316 1701 phitius,
1337 1619 1387 1700 qui
1420 1616 1487 1678 inde
1517 1615 1658 1677 oriundus

366 1735 438 1781 erat.
449 1721 534 1783 dicit:
549 1719 672 1781 «audita
688 1719 807 1803 querela
820 1719 912 1801 plaitie
926 1719 962 1780 de
974 1734 1056 1801 parte
1072 1720 1187 1800 rupis»,
1203 1719 1276 1779 idest
1291 1739 1349 1801 que
1363 1717 1472 1778 dictata
1487 1732 1570 1777 erant
1584 1716 1660 1777 iuter

366 1816 524 1902 epistulam
545 1819 686 1881 dictatam
718 1817 796 1880 ultra
827 1820 1027 1901 appenninum
1061 1834 1205 1879 rnrmtem.
1238 1833 1267 1878 et
1288 1816 1344 1879 lroc
1374 1815 1452 1878 clare
1481 1831 1560 1899 patet
1590 1835 1658 1877 cunt

365 1918 456 1981 dicit:
479 1939 567 2001 rrcqne
592 1939 622 1980 se
641 1938 738 1980 rernm
766 1916 916 1980 rerrrrlurn!
935 1916 1010 1979 obire
1038 1927 1131 2002 porro
1159 1924 1283 2002 preli-ule
1310 1916 1407 1983 silicis,
1429 1916 1503 1977 idest
1524 1915 1658 1999 appenjuj

367 2017 489 2092 montis,
510 2019 560 2101 qui
582 2019 660 2079 inter
680 2016 819 2099 liguriam
845 2033 873 2079 et
896 2018 1007 2100 puliam
1029 2018 1142 2100 positus
1164 2031 1217 2078 est.
1240 2051 1259 2063 ·
1280 2036 1360 2077 norm
1382 2022 1520 2077 rrrrnnnlc:
1541 2015 1609 2098 quia
1631 2016 1660 2074 in
1710 2098 1712 2101 y

335 2149 342 2161 ·
366 2115 417 2179 illa
439 2131 521 2200 parte
542 2117 699 2200 appennini
723 2115 818 2178 multe
839 2115 912 2178 silve
933 2132 1002 2179 sunt
1023 2136 1111 2199 super
1132 2118 1228 2199 ipsum
1244 2117 1460 2199 appenninum;
1483 2115 1549 2177 ideo
1570 2114 1660 2177 dicit:

369 2218 500 2299 «Neque
514 2235 546 2277 se
559 2236 660 2278 coram
682 2215 880 2278 cernebant.»
898 2216 989 2297 plritia
1012 2230 1041 2277 et
1063 2214 1165 2277 silvius
1187 2238 1246 2277 non
1270 2215 1407 2277 ridebant
1422 2237 1454 2277 se
1467 2215 1584 2278 oculata
1601 2235 1661 2297 pre·

367 2314 472 2390 sentia,
493 2313 580 2376 obice
602 2335 693 2397 parco
716 2329 850 2398 pretente
871 2315 960 2377 silicis
981 2314 1099 2394 direnti,
1119 2314 1194 2377 idest
1215 2315 1355 2377 disidenti
1378 2331 1516 2377 comante
1540 2335 1631 2376 ramo,
1652 2350 1661 2360 ·

368 2432 500 2475 conctusa
530 2414 570 2475 sic
592 2422 699 2475 rrrcrrlr:
723 2431 843 2496 propter
874 2414 1009 2476 dolorem
1043 2414 1140 2483 refert.
1171 2435 1223 2477 seu
1249 2414 1350 2476 silvius
1382 2415 1560 2499 alloquitur,
1588 2416 1662 2477 idest

372 2512 530 2593 respondet
550 2512 592 2573 illi
614 2513 670 2575 hec
684 2513 784 2585 cerba,
798 2535 938 2576 coercens
961 2515 1107 2597 gemitum
1130 2530 1159 2575 et
1179 2516 1220 2577 sic
1242 2516 1353 2599 iuquit:
1372 2516 1399 2577 0
1418 2515 1533 2598 plrilr'o!
1552 2515 1663 2599 pliilr‘n!

365 2645 376 2658 ·
393 2613 525 2693 geminat
540 2633 649 2674 nomen
665 2629 786 2696 propter
799 2616 944 2697 impetum
967 2630 995 2676 et
1017 2613 1151 2676 dolorem
1166 2614 1282 2698 ·jnlror
1295 2616 1335 2676 sir
1356 2616 1465 2675 anirnrri
1478 2622 1575 2685 nslro;
1590 2615 1663 2675 idest

368 2710 464 2773 fateor
484 2714 564 2795 quod
586 2715 644 2774 iam
667 2714 780 2796 pridem
802 2716 861 2776 iarn
883 2715 995 2795 adrertj
1018 2716 1060 2775 sic
1081 2730 1158 2776 astra
1181 2716 1296 2796 minari,
1318 2716 1393 2776 idest
1414 2716 1523 2798 preridj
1552 2735 1584 2776 ea
1606 2736 1663 2798 qne

367 2825 492 2872 ventura
515 2828 598 2874 erant
626 2811 665 2873 ob
687 2813 781 2874 rarulta
804 2815 908 2896 singna
937 2816 1046 2898 quein
1068 2817 1147 2877 curia
1172 2816 1262 2898 ipsius
1291 2816 1368 2895 regis
1390 2815 1568 2897 neapolitani
1592 2816 1661 2886 ridi,

367 2929 426 2993 que
457 2909 548 2974 michi
581 2926 716 2994 patenter
739 2915 933 2975 ostenderunt
966 2935 999 2976 ea
1031 2936 1090 2999 qne
1111 2929 1255 2977 venerunt
1277 2914 1314 2976 de
1345 2930 1442 2977 morte
1462 2915 1553 2998 ipsius
1576 2915 1663 2994 regis.

367 3042 389 3055 -
410 3011 561 3097 Poslqnorn
583 3012 683 3072 uoloni
695 3009 885 3095 flnnrmonrio
907 3011 1019 3074 lrnnino
1041 3016 1159 3075 nurrlis:
1175 3015 1241 3089 llic,
1256 3012 1408 3097 lingendo,
1423 3015 1487 3076 uult
1508 3014 1665 3075 ostendere

367 3127 400 3169 ae
422 3109 585 3190 providisse
613 3130 645 3170 ea
667 3130 726 3192 qne
747 3126 894 3173 venerunt
924 3114 953 3171 in
976 3112 1091 3193 indiciis
1120 3113 1316 3196 planetarum,
1337 3134 1407 3176 cum
1429 3134 1463 3175 ea
1492 3113 1664 3195 previdisset

369 3227 405 3268 ex
426 3205 490 3269 sola
512 3210 625 3270 ratione
646 3209 787 3284 oculata3
809 3211 877 3294 qnia
895 3211 1012 3273 ridebat
1035 3210 1159 3273 barones
1181 3228 1209 3274 et
1232 3228 1385 3295 magnates
1402 3215 1503 3296 rengni
1528 3228 1555 3275 et
1571 3214 1664 3295 ipsam

370 3308 503 3389 reginam
526 3308 690 3371 deridentes
712 3312 809 3392 ipsum
833 3331 933 3393 regem
962 3311 1127 3395 simplicem
1150 3312 1309 3387 Andream,
1339 3315 1479 3375 lurenem
1506 3313 1664 3394 optimum,

370 3418 400 3466 et
421 3405 563 3467 derisorie
584 3427 651 3468 eum
668 3429 776 3470 vocare
797 3409 833 3469 ad
849 3430 997 3471 cameram
1014 3426 1044 3471 et
1058 3411 1249 3494 postmodum
1266 3411 1417 3474 licentiare
1432 3431 1511 3486 etrm,
1527 3410 1664 3482 ridendo;

371 3506 460 3565 etiarn
477 3504 595 3566 ridebat
616 3508 777 3588 procedere
798 3529 834 3569 ex
856 3529 917 3570 uno
939 3512 1097 3584 maiorum,
1113 3512 1161 3594 qui
1178 3509 1297 3572 tenebat
1311 3531 1453 3573 coronam
1469 3512 1559 3593 ipsius
1578 3512 1664 3592 regis,

371 3605 418 3665 cui
442 3602 558 3666 larebat
590 3606 710 3689 quidam
743 3608 900 3669 cardinalis
923 3624 950 3671 et
973 3609 1070 3671 forsan
1093 3632 1166 3693 papa
1188 3609 1374 3671 assentiebat.
1397 3611 1435 3671 ita
1470 3632 1521 3693 per
1548 3610 1602 3673 hec
1624 3611 1665 3670 si·

370 3700 466 3764 sibilia
497 3706 592 3786 signa,
615 3725 666 3787 per
697 3705 840 3768 discretos
862 3709 941 3768 siros
972 3708 1170 3790 oppinabatur
1202 3729 1281 3770 mors
1313 3711 1403 3792 ipsius
1434 3712 1509 3792 regis
1537 3724 1576 3785 et,
1597 3724 1665 3771 ante

370 3821 461 3883 quam
483 3817 569 3874 esset,
591 3803 745 3866 dicebatur
769 3807 808 3866 ita
831 3805 963 3868 iuturum
993 3828 1065 3868 esse,
1087 3809 1164 3869 inter
1191 3828 1266 3891 quos
1295 3809 1356 3890 ipse
1384 3808 1486 3870 silrius
1514 3810 1666 3893 sepissime

372 3901 508 3982 predixit.
531 3923 609 3964 nunc
639 3903 781 3987 lingendo
812 3905 877 3967 cult
906 3906 1062 3967 ostendere
1083 3926 1113 3966 se
1135 3905 1242 3967 vidisse
1263 3905 1317 3967 hec
1348 3927 1398 3989 per
1421 3908 1525 3970 indicia
1547 3906 1664 3970 celestia

371 4013 401 4060 et
423 3998 608 4080 planetarum
629 4004 842 4064 ostensionem.
866 4006 952 4067 Unde
974 4006 1063 4067 dicit:
1085 4013 1233 4089 poslqnnrn
1255 4005 1356 4088 rrolnuj
1371 4005 1527 4091 stnnrnrrlin
1556 4006 1665 4068 lmrrinn

371 4099 483 4172 suariis,
497 4097 594 4179 (Mars
608 4101 717 4162 dicitur
738 4102 867 4164 multum
890 4102 959 4165 mali
982 4105 1149 4187 significare
1170 4125 1238 4167 cum
1262 4104 1337 4166 ultra
1359 4105 1481 4168 solitum
1502 4105 1597 4183 lucet3
1620 4111 1664 4167 rel

371 4197 514 4279 presidet,
536 4220 605 4259 nam
636 4199 684 4261 illa
708 4203 799 4263 uinria
829 4202 878 4264 lux
902 4205 992 4266 nimia
1021 4206 1082 4287 ipsa
1105 4204 1257 4266 influentia
1286 4206 1314 4266 in
1342 4226 1378 4267 eo
1408 4206 1485 4289 esse)
1513 4222 1542 4268 et
1569 4207 1668 4268 rrolnti

370 4305 520 4360 solnrmon
542 4300 572 4359 in
595 4299 754 4384 nrrrlrrifrrn
775 4309 866 4386 pnrlr,
888 4304 946 4366 ltoc
968 4320 1012 4365 est
1027 4306 1057 4364 in
1078 4307 1209 4388 aquario.
1231 4304 1317 4384 (nam
1336 4323 1489 4367 saturnum
1505 4305 1621 4380 dicitur,
1636 4307 1664 4367 in

370 4400 493 4480 aquario
508 4401 595 4479 siguo
611 4417 792 4473 nuruentem,
805 4405 965 4485 pessimum
979 4406 1058 4485 erse)
1070 4406 1152 4488 quasi
1164 4404 1256 4466 dicat:
1273 4421 1430 4490 postquam
1447 4407 1547 4467 notari
1562 4426 1665 4467 omnes

371 4498 516 4579 principes
539 4513 568 4559 et
589 4499 775 4561 consultores
806 4505 886 4584 regnj
911 4502 1096 4566 inllarnantes
1119 4520 1147 4565 et
1177 4524 1332 4585 perpetum
1355 4506 1540 4588 indignantes
1569 4507 1665 4587 ipsum

371 4596 534 4657 innocuum
567 4619 678 4679 regem,
701 4600 776 4661 idest
809 4605 921 4678 locem,
947 4604 1021 4665 idest
1054 4607 1149 4687 ipsum
1183 4624 1281 4684 regem
1315 4626 1464 4666 ossessurn
1496 4603 1532 4667 ab
1554 4605 1665 4688 insidiis

370 4694 491 4760 illorum
512 4698 562 4781 qui
578 4719 646 4760 eum
669 4700 760 4762 lrodio
777 4701 923 4765 habebant
933 4725 941 4781 ;
957 4720 986 4766 et
1009 4724 1146 4766 renerent
1162 4718 1327 4767 transversa
1343 4722 1488 4784 tuentem,
1506 4705 1581 4768 idest
1603 4707 1665 4789 ipsa
