4125 5217
829 392 860 442 n
882 392 1068 443 eucomcun
1092 393 1223 443 eninm
1622 381 1661 448 61

377 658 489 711 bandum
519 658 658 710 introducit
687 659 752 710 duos
790 668 905 726 pastores
936 659 970 710 ad

376 750 585 818 colloquendum,
603 766 713 817 quorum
732 766 810 801 unum
831 760 905 802 vocat
918 750 970 817 gal·

379 842 439 899 lum.
458 840 536 892 alium
555 840 720 907 tyrrhenum:
751 857 796 908 pcr
814 841 910 909 gallum
930 841 969 891 in·

379 932 465 1000 tellige
477 933 605 1001 quendum
619 932 744 983 valentem
762 933 886 983 musicum
905 930 970 981 imn-

378 1024 503 1092 cigcnam
522 1033 548 1076 et
576 1034 629 1075 erat
657 1021 764 1074 lauricius
793 1021 925 1074 cuiusdam
944 1032 970 1073 ct

378 1115 492 1183 quotidie
511 1114 646 1166 iniectabat
666 1113 826 1165 l‘etrnrcltam
853 1123 879 1163 ut
898 1112 971 1164 ‹loce-

381 1219 418 1260 ret
445 1224 502 1260 eum
536 1205 705 1258 rhetoricam:
738 1221 794 1271 per
825 1204 970 1270 tyrrhencm

379 1301 440 1363 (sic)
459 1297 574 1364 intellige
592 1296 676 1363 ipsum
692 1296 853 1349 l‘ctrarclram
867 1293 972 1362 nolluit

381 1391 490 1456 tyroni«)
508 1405 560 1440 ecc.

1074 658 1156 727 sequi,
1175 658 1225 711 niul
1244 676 1259 711 n
1278 670 1370 711 notura
1388 659 1505 713 habuerit
1524 663 1663 714 naturalem

1073 748 1275 803 inclinationem.
1291 751 1323 802 lit
1336 752 1369 803 ud
1382 751 1456 803 istam
1475 753 1663 804 conclusionem

1074 840 1232 906 protundam
1245 841 1344 893 inducit
1356 841 1421 893 duos
1435 853 1549 910 pactores
1562 843 1594 894 m
1605 860 1663 895 cnn·

1075 931 1240 998 loquendum,
1260 949 1369 999 quorum
1396 951 1474 985 unum
1502 934 1597 1002 gallum
1618 952 1665 985 vo·

1074 1031 1122 1081 cat,
1142 1022 1220 1074 olium
1248 1023 1401 1075 Tirltcnum.
1421 1025 1512 1075 Gallus
1539 1036 1578 1077 ent
1599 1042 1664 1076 unus

1074 1110 1184 1164 lemnius
1204 1113 1495 1181 francigenniiusiem,
1507 1116 1550 1183 qui
1572 1116 1665 1167 i‘etrnr·

1074 1204 1148 1255 ciram
1176 1203 1314 1257 iniestnlrot
1340 1205 1452 1264 assidue.
1471 1217 1498 1257 ut
1524 1206 1621 1273 poesim
1639 1217 1679 1270 etv

1077 1294 1228 1346 rhetoricam
1246 1296 1373 1347 edoceret.
1386 1294 1515 1347 'lirircnus
1533 1305 1606 1348 autor
1617 1308 1665 1354 est,

1076 1384 1120 1453 qui
1139 1376 1289 1437 titirrlnenus
1307 1394 1362 1437 eret
1381 1402 1396 1436 a
1415 1385 1548 1438 thirrheno
1567 1386 1638 1439 mari.

351 1656 354 1662 ·
436 1656 439 1660 ’
471 1622 496 1691 il
520 1619 778 1690 raffmnto-‹lelte
803 1619 865 1689 due
889 1621 1027 1688 versioni
1052 1619 1207 1689 tiitnostm
1241 1618 1458 1688 ail'evidenza
1481 1618 1539 1688 cire
1563 1619 1665 1688 Pran-

382 1754 475 1800 cesco
498 1731 538 1800 da
562 1729 826 1821 Montepuiciano
859 1727 938 1797 ebbe
971 1730 1099 1798 innanzi
1124 1727 1144 1797 i’
1157 1747 1349 1820 argomento
1372 1727 1492 1797 dettato
1515 1727 1554 1798 da
1578 1728 1666 1797 Bcn·

383 1860 517 1925 uenuto;
542 1864 560 1907 e
583 1837 644 1908 mle
667 1839 849 1908 asserzione
883 1840 910 1907 si
944 1838 1024 1907 deve
1049 1841 1182 1930 ripetere
1218 1838 1320 1908 anche
1343 1836 1466 1930 pergil
1489 1840 1667 1929 argomenti

382 1950 535 2040 premessi
551 1948 611 2017 alle
634 1947 710 2018 altre
734 1948 894 2040 egiogire;
918 1950 944 2015 si
969 1947 1038 2031 che,
1055 1972 1151 2017 senza
1166 1968 1251 2017 tema
1271 1946 1304 2017 di
1327 1971 1440 2032 errare,
1456 1970 1666 2038 segneremo:

1012 2077 1037 2145 B

896 2166 1040 2327 Palatini>
1071 2279 1153 2348 ¹729

472 2531 510 2626 b)
534 2532 608 2604 coo.
637 2533 781 2602 Vaticano
804 2530 897 2600 latino
925 2534 1018 2619 1679.

471 2642 713 2711 ABenvenuto
748 2643 878 2727 attinge,
903 2665 958 2731 per
992 2638 1035 2731 gli
1059 2640 1238 2728 argomcnri
1270 2638 1351 2708 delle
1376 2640 1477 2731 prime
1500 2638 1561 2708 due
1584 2639 1669 2730 egio
1710 2668 1712 2672 ·

374 2750 457 2845 yghe,
480 2774 541 2842 pur
563 2749 585 2818 ii
608 2748 679 2818 cod.
704 2750 774 2818 Vat.
799 2747 851 2818 lar.
882 2752 986 2837 16793
1013 2772 1053 2816 ne
1077 2749 1122 2816 sia
1150 2772 1248 2839 prova
1272 2768 1387 2841 questo
1413 2746 1564 2816 miironto
1589 2747 1668 2817 tolto

384 2859 456 2929 dall‘
469 2858 584 2951 egloga
608 2860 709 2958 prima
723 2885 730 2927 :

660 3077 696 3147 B.

378 3267 381 3273 Ι
421 3206 506 3258 Primo
524 3217 613 3259 notum
631 3217 671 3258 est
689 3208 759 3275 quod
772 3207 800 3258 ln
818 3206 866 3258 hac
884 3208 976 3275 egloga

384 3296 522 3350 introducit
539 3298 604 3349 duos
624 3307 740 3365 pastores
758 3298 791 3348 ad
810 3297 922 3349 inuicem
939 3297 975 3348 io·

384 3398 501 3456 quenter,
518 3404 627 3456 quorum
656 3405 722 3439 unus
750 3399 856 3439 vocatur
873 3388 975 3454 Sylvius

383 3486 410 3530 ct
427 3477 493 3529 nilus
512 3478 645 3537 monicum
660 3495 706 3545 per
723 3478 838 3544 Sylvium
858 3479 976 3546 inteiligi-

384 3578 426 3621 tur
443 3569 499 3636 ipre
510 3577 606 3629 tucior,
618 3586 650 3620 eo
663 3570 732 3636 quod
750 3570 799 3620 ista
812 3570 917 3621 materia
930 3570 977 3620 luit

384 3658 449 3712 lucta
466 3657 494 3710 ln
522 3657 612 3717 silvis:
641 3670 667 3710 et
693 3675 725 3710 eo
751 3659 845 3711 dicitur
872 3660 975 3719 Silvius,

383 3750 444 3818 quia
461 3766 563 3817 temper
581 3749 671 3801 dilexit
698 3750 777 3801 siivas
795 3761 821 3802 et
839 3751 895 3802 ioca
914 3750 975 3801 soil·

383 3840 456 3902 turin,
475 3839 527 3892 imo
546 3840 639 3891 librum
668 3840 804 3907 specialem
830 3840 975 3907 composuit

383 3932 416 3983 de
443 3930 495 3982 ritu
522 3931 643 3982 solitaria
670 3932 762 3982 Pastor
789 3931 853 3982 ailus
883 3931 975 3982 dicitur

383 4021 511 4073 ilonicut.
532 4021 650 4072 lilonicus
668 4020 716 4073 suit
729 4020 834 4089 quidam
849 4022 975 4072 maximus

382 4110 455 4181 gigas
474 4110 518 4180 qui
537 4112 648 4163 habebnt
662 4129 740 4163 unum
754 4111 855 4163 ocnium
876 4124 974 4163 tantum

383 4204 411 4256 in
428 4202 511 4254 fronte
530 4203 563 4255 nd
583 4203 664 4253 instar
689 4204 764 4255 unlus
783 4202 867 4269 clipei,
887 4215 913 4254 et
931 4204 974 4254 di·

383 4297 449 4347 citur
466 4311 482 4346 n
500 4310 592 4346 monos
611 4294 681 4360 quod
699 4304 738 4345 est
758 4312 837 4346 unum
856 4305 903 4345 etc.

1341 3074 1414 3144 Vat

1117 3207 1149 3257 In
1167 3205 1216 3257 hec
1234 3205 1333 3274 Eglogn
1351 3205 1403 3256 duo
1416 3203 1611 3255 introducuntur
1629 3219 1670 3269 pn·

1081 3305 1163 3348 stores
1181 3296 1214 3347 nd
1233 3295 1391 3364 loquendum
1413 3294 1452 3345 ‘ad
1473 3294 1591 3353 invicem,
1609 3309 1670 3359 qno·

1082 3404 1138 3437 rum
1158 3404 1224 3438 unus
1244 3396 1348 3438 vocetur
1367 3385 1456 3436 silvius
1469 3393 1495 3436 et
1507 3383 1572 3434 nlius
1591 3382 1671 3433 moni·

1080 3495 1133 3530 cus.
1145 3495 1190 3544 per
1200 3478 1302 3529 silvium
1312 3475 1464 3544 intelligitur
1472 3474 1528 3541 ipse
1541 3483 1635 3525 auctor.
1649 3491 1670 3523 s.

1081 3569 1136 3635 ipse
1149 3549 1232 3621 dietus
1245 3567 1402 3619 francisehus
1412 3566 1524 3633 eoquod
1533 3565 1587 3632 ipse
1597 3566 1671 3615 mide

1080 3659 1171 3710 dilexit
1189 3658 1267 3710 silvas
1288 3667 1314 3710 et
1341 3658 1397 3709 ioca
1425 3655 1546 3716 solitaria,
1565 3671 1625 3721 ymo
1643 3655 1672 3706 li·

1080 3750 1156 3800 brum
1175 3750 1312 3817 specialem
1340 3747 1399 3800 lecit
1425 3748 1458 3799 rie
1479 3747 1531 3797 ritu
1550 3746 1671 3797 solitaria.

1082 3840 1155 3892 Alter
1174 3849 1261 3907 pastor
1279 3838 1373 3890 dicitur
1386 3838 1510 3889 monicus.
1523 3836 1569 3887 luit
1587 3847 1670 3887 cutem

1081 3930 1198 3982 monicus
1225 3930 1331 3997 quidam
1359 3927 1442 3997 gigas,
1461 3926 1505 3996 qui
1520 3926 1607 3978 'coium
1626 3925 1671 3977 lta·

1080 4023 1157 4073 bebat
1176 4038 1255 4073 unum
1274 4020 1395 4072 ochulum
1408 4028 1434 4070 et
1446 4017 1539 4070 dicitur
1557 4016 1671 4068 monicus

1081 4129 1096 4162 a
1115 4129 1207 4163 monos
1235 4128 1320 4181 grece,
1339 4110 1419 4161 latine
1438 4126 1513 4170 unus,
1532 4118 1557 4160 et
1573 4107 1672 4180 penius.

1081 4203 1113 4252 Et
1145 4220 1191 4269 per
1221 4203 1352 4254 monicum
1382 4199 1535 4266 intelligitur
1568 4197 1672 4265 quidam

1080 4291 1166 4344 irater.
1185 4294 1211 4351 d.
1231 4290 1358 4352 francisci,
1377 4291 1488 4359 quierat
1507 4288 1622 4340 monicus
1640 4289 1673 4338 de

1080 4383 1106 4433 la
1123 4395 1223 4435 certosn
1240 4393 1266 4435 et
1285 4383 1412 4434 abiecerat
1429 4398 1515 4432 curam
1534 4380 1673 4429 mundano-

1080 4490 1138 4524 rum
1156 4483 1182 4525 ct
1199 4471 1411 4541 contemplationi
1438 4470 1585 4522 divinorum
1604 4484 1673 4518 vaca·

1081 4565 1133 4615 bat.
1153 4565 1213 4616 ideo
1231 4562 1370 4632 appellavit
1398 4579 1456 4613 eum
1484 4560 1673 4617 nomenoium,

1080 4654 1135 4707 sive
1153 4672 1300 4716 monacum,
1320 4654 1381 4723 quia
1399 4653 1482 4704 solum
1501 4651 1589 4702 diuina
1607 4649 1674 4716 aspi·
1771 4676 1773 4682 ·

1081 4746 1170 4797 tiebat.
