4125 5217
794 392 826 442 n
847 393 1036 446 sucotrcun
1060 397 1190 444 eanum·
1571 398 1631 467 ¹93

298 690 300 693 >
354 658 456 723 multis
477 675 507 723 et
526 661 610 744 quasi
630 657 768 722 oittnibus
789 656 994 741 complacerc;
1016 677 1064 718 nec
1085 664 1152 717 nata
1168 655 1277 741 fidncia
1300 658 1391 718 nostri
1409 665 1457 728 cst,
1479 658 1553 720 idest
1575 681 1634 720 nnn

355 780 415 823 non
440 762 520 843 prius
540 758 628 843 habui
652 758 790 822 fiduciam
812 760 880 841 ntej,
896 778 950 821 nec
972 760 1052 842 prius
1074 758 1164 819 michi
1185 756 1362 841 curatplacuj,
1376 759 1513 839 quamuis
1534 757 1635 819 nimiis

355 859 582 944 complacerern,
602 874 760 943 antequam
782 878 865 921 sacer
885 879 985 941 argus,
1007 858 1081 920 idest
1097 877 1145 919 res
1163 856 1307 927 robertus,
1328 858 1458 920 diceret:
1474 857 1531 920 lide
1545 858 1636 937 (idest

355 959 495 1044 fideliter)
513 956 604 1022 miclti
625 979 709 1034 cane,
723 958 798 1020 idest
817 960 858 1020 sis
880 972 975 1039 poeta.
992 961 1069 1021 mm
1092 959 1153 1040 ipse
1174 973 1296 1040 stupens
1317 955 1372 1018 sub
1393 959 1528 1020 examine
1547 960 1636 1040 ipsius

357 1061 444 1144 regis,
458 1059 495 1121 ad
509 1078 598 1144 quem
618 1057 656 1121 ad
677 1078 709 1121 se
730 1055 914 1140 probandum
936 1071 965 1119 et
987 1056 1214 1119 examinandum
1238 1058 1327 1131 venit,
1348 1055 1384 1118 ad
1406 1057 1637 1121 sullicentiorem

356 1160 509 1223 bominem
530 1178 561 1220 se
582 1157 729 1235 contulit3
750 1161 801 1241 qni
817 1178 865 1219 res
883 1155 1028 1233 robertus,
1042 1156 1198 1241 diligenter
1212 1173 1416 1241 prescuptatus
1431 1156 1636 1220 sufficientiam

357 1260 449 1344 ipsius
469 1259 576 1343 stupej,
597 1256 644 1320 sel
666 1255 799 1320 francisci
821 1273 963 1340 petrarce,
986 1257 1147 1320 licentiavit
1170 1278 1238 1320 enm
1269 1258 1414 1341 dingnum
1435 1278 1500 1320 csse
1521 1256 1639 1333 lauree3

358 1374 389 1423 et
400 1360 442 1423 ite
454 1393 466 1407 ·
479 1358 594 1441 scriptis
615 1356 734 1432 licteris,
748 1357 871 1441 signatis
887 1358 968 1440 regio
989 1356 1098 1440 sigillo,
1112 1356 1223 1440 populo
1239 1377 1362 1419 ronnnn
1375 1392 1386 1405 ·
1400 1373 1505 1420 notum
1521 1356 1589 1421 lecit
1610 1373 1639 1420 ct

361 1458 563 1521 testimonium
584 1454 712 1540 peribuit
732 1455 828 1538 ipsum
850 1453 1025 1519 lranciscum
1047 1455 1190 1537 dingnum
1211 1476 1276 1518 esse
1297 1454 1419 1539 laureati
1442 1471 1472 1519 et
1495 1455 1640 1519 sufficien-

360 1556 508 1620 tissimum
529 1573 593 1618 esse
613 1570 751 1638 poetam:
767 1567 797 1616 et
811 1556 862 1627 ita,
876 1552 932 1615 sub
954 1553 1003 1636 tali
1020 1556 1190 1617 testimonio
1204 1555 1396 1617 disertissimo
1418 1569 1448 1617 et
1467 1555 1640 1618 doctissimo

361 1671 391 1719 et
410 1656 546 1718 omnium
566 1655 766 1717 scientiamm-
778 1654 968 1737 peritissimo,
990 1652 1138 1716 laureatus
1160 1670 1204 1716 est
1218 1671 1361 1736 petrarca,
1375 1668 1406 1716 et
1420 1670 1490 1717 tunc
1505 1657 1583 1738 cepit
1596 1674 1642 1717 ca·

361 1774 432 1819 nere
452 1769 482 1817 et
501 1752 556 1817 sibi
576 1754 633 1837 ipsi
654 1752 848 1835 complacere.
863 1788 874 1801 ·
888 1760 913 1815 cl
926 1755 1042 1815 rrrcrilo:
1058 1753 1226 1837 Respondet
1243 1752 1386 1837 dampno:
1408 1768 1439 1816 et
1459 1756 1576 1830 merito,
1590 1774 1642 1816 scu

361 1853 412 1918 ille
426 1874 488 1930 rex,
501 1867 531 1916 te
544 1853 603 1916 lroc
623 1853 710 1916 iussit
729 1872 843 1915 cancre
865 1854 996 1937 Nullaque
1010 1853 1079 1937 (pro
1090 1876 1098 1915 ε
1111 1854 1185 1937 que)
1201 1852 1259 1928 illc,
1274 1853 1349 1916 idest
1364 1874 1414 1916 rex
1430 1852 1575 1929 robertus,
1589 1853 1644 1916 init

362 1972 415 2015 seu
436 1950 503 2015 talis
522 1951 603 2036 quod
624 1952 722 2035 potuit
742 1952 811 2015 talia
833 1952 933 2015 iubere
947 1974 1001 2015 suo
1016 1954 1090 2027 iure,
1103 1955 1172 2036 quia
1190 1953 1270 2037 quod
1292 1951 1415 2015 faciebat
1435 1952 1557 2029 sciebat,
1575 1955 1643 2037 quia

363 2052 578 2115 eruditissimus
599 2053 645 2113 sir
665 2048 737 2128 iuit;
751 2052 802 2135 qui
823 2050 904 2114 solus
919 2052 987 2114 talia
1003 2067 1113 2127 nosset,
1128 2053 1202 2115 idest
1223 2056 1262 2115 ita
1285 2051 1365 2115 libris
1386 2051 1467 2116 solus
1488 2053 1645 2116 inmundo

362 2166 493 2215 structus
514 2165 586 2213 erat.
607 2185 627 2197 -
647 2152 698 2216 ull
716 2157 808 2213 intrant
830 2150 907 2235 mser,
928 2153 954 2213 si
974 2172 1031 2236 qna
1059 2152 1137 2235 (prot
1158 2151 1272 2235 aliqua)
1301 2173 1375 2215 statvo
1402 2173 1496 2215 seretis
1521 2153 1646 2216 sludirnn

363 2249 481 2313 mindi
499 2247 573 2323 ritu
598 2249 674 2313 idest
701 2248 785 2327 refer,
806 2251 830 2313 si
851 2250 948 2334 aliqua
969 2271 1063 2334 nuper
1083 2254 1287 2334 composuisti,
1307 2252 1378 2314 dnm
1410 2272 1516 2314 canere
1543 2268 1573 2315 et
1593 2251 1646 2314 tibi

364 2349 480 2436 placere
500 2350 614 2433 cepisti.
634 2384 646 2398 ·
665 2348 806 2435 dottrpnc:
827 2351 933 2433 Incipit
952 2366 1074 2434 stupens
1095 2349 1174 2434 loqui
1204 2366 1328 2413 uenuste
1348 2367 1378 2414 et
1398 2371 1483 2414 more
1504 2350 1647 2414 blandiosi

363 2451 509 2513 autentis:
532 2451 562 2514 Ο
582 2449 720 2533 dampne,
741 2457 838 2513 nostru
859 2451 946 2535 paics,
966 2452 1036 2534 quia
1064 2452 1094 2514 in
1114 2471 1216 2513 amore
1236 2453 1280 2514 tui
1304 2453 1441 2534 quiesco!
1463 2453 1528 2514 Hoc
1548 2472 1648 2535 qnan-

364 2564 429 2613 tum
455 2548 493 2612 ad
514 2563 645 2611 nostram
667 2548 808 2626 lauream,
828 2549 876 2612 vel
898 2571 915 2612 a
936 2551 1060 2633 poesim,
1081 2552 1149 2633 quia
1174 2550 1320 2613 studendo
1340 2548 1473 2613 delector
1493 2552 1552 2613 tuis
1572 2570 1649 2613 can-

365 2647 473 2728 tilenis,
493 2649 541 2712 vel
561 2650 619 2712 tuis
640 2650 781 2725 camenis,
796 2647 842 2711 vel
857 2652 959 2712 musis.
982 2655 1076 2711 ararica
1096 2648 1187 2722 laon,
1206 2665 1350 2734 quantum
1364 2650 1401 2712 ad
1417 2665 1553 2713 naturam
1573 2649 1649 2732 (lau
1678 2707 1680 2710 ,

367 2769 447 2811 ream
468 2769 528 2812 non
548 2763 681 2812 amantes
702 2769 771 2834 sepe
799 2750 905 2824 rident,
931 2770 999 2832 sepe
1030 2751 1193 2832 suspirant)
1226 2749 1271 2813 sel
1303 2766 1447 2833 quantum
1479 2751 1515 2813 ad
1538 2752 1648 2832 poesim

367 2862 467 2912 noster
487 2846 580 2926 labor,
599 2848 675 2912 idest
704 2848 837 2911 studium
868 2849 1019 2911 assiduum
1042 2863 1071 2911 et
1090 2850 1219 2931 discendi
1242 2849 1430 2912 desideriunt.
1452 2884 1472 2896 -
1493 2871 1580 2911 arrrnn
1600 2871 1649 2933 ego
1704 2875 1706 2878 ¹

367 2948 520 3033 mannum,
534 2948 729 3032 aquatorum
743 2948 848 3033 effrurts
867 2949 977 3011 mloro:
992 2974 1008 3006 e
1021 2951 1120 3012 Unam
1136 2969 1193 3033 ego
1207 2965 1236 3011 te
1251 2950 1427 3012 dominam»
1443 2948 1481 3012 ad
1495 2965 1650 3032 utramque

367 3061 465 3131 potest
478 3047 598 3131 reducj3
614 3061 728 3132 «teque
741 3047 859 3111 hostem
872 3073 888 3106 s
908 3048 1006 3111 solum
1020 3069 1036 3109 a
1051 3049 1203 3111 dominam
1218 3047 1349 3111 lauream
1363 3048 1420 3110 hec
1438 3068 1504 3131 pars
1519 3047 1649 3109 refertur.

368 3166 437 3209 narn
457 3148 519 3231 ipsa
539 3146 580 3209 ob
592 3148 848 3230 importunitatem
863 3148 954 3230 ipsius
969 3150 1064 3231 stupej
1080 3150 1217 3224 amantis,
1233 3163 1354 3232 propter
1367 3149 1414 3209 sui
1429 3146 1547 3221 famam,
1561 3166 1651 3229 quam

369 3245 547 3309 custoditam
568 3262 599 3310 et
620 3245 728 3309 bonam
750 3267 814 3310 csse
829 3246 957 3323 solebat,
973 3247 1152 3309 irascebatur
1173 3264 1202 3309 et
1216 3247 1335 3309 turbIdo
1349 3262 1423 3309 nutu
1446 3245 1570 3308 faciebat
1583 3262 1652 3307 ante

369 3364 449 3422 eum,
469 3343 517 3407 rel
537 3347 635 3429 ipsum
656 3345 783 3431 pellebat
813 3367 829 3407 a
858 3348 904 3408 sui
933 3363 1116 3429 conspectu3
1144 3348 1183 3408 ita
1213 3362 1333 3430 propter
1360 3346 1420 3409 hoc
1447 3345 1565 3409 hostem
1586 3366 1651 3406 cam

368 3459 467 3508 vocat.
480 3479 491 3492 ·
505 3444 622 3529 affusus,
638 3460 681 3509 cst
695 3467 747 3508 seu
768 3446 867 3522 terris;
883 3446 971 3507 orioro
994 3445 1081 3509 uelud
1096 3446 1192 3509 deam.
1206 3482 1217 3493 ·
1232 3471 1248 3503 e
1257 3454 1297 3519 iu,
1312 3447 1393 3508 alerias
1407 3467 1563 3516 areanorum,
1579 3445 1653 3507 idest

369 3544 573 3607 ciuitatum...»
589 3545 626 3608 ad
641 3561 796 3629 utramque
818 3544 952 3621 refertur,
968 3567 1035 3607 nam
1058 3548 1118 3627 ipsa
1138 3546 1259 3608 domina
1280 3545 1380 3608 laurea
1402 3544 1577 3627 pulcerrima
1599 3544 1653 3606 luit

370 3645 507 3706 omnium
527 3644 714 3707 dominarum
736 3665 789 3707 sue
811 3645 896 3707 etatis
918 3660 948 3707 et
969 3644 1176 3708 honestissima
1191 3662 1221 3708 ct
1242 3645 1437 3707 fatuosissima
1459 3659 1579 3727 propter
1600 3646 1655 3704 uir·

371 3758 469 3806 tutem
489 3745 534 3807 sui
555 3757 584 3805 et
606 3758 725 3827 propter
745 3758 896 3826 stupeum,
917 3746 967 3826 qui
996 3746 1056 3806 suis
1078 3745 1256 3808 carminibus
1279 3742 1452 3828 vulgaribus
1473 3758 1503 3805 et
1524 3744 1654 3805 metricis

371 3857 401 3905 et
422 3844 516 3927 prosis
537 3862 602 3905 eam
623 3844 699 3906 inter
720 3842 861 3907 mortales
882 3843 950 3906 iecit
972 3859 1084 3906 ettema
1105 3843 1202 3919 lanta,
1223 3844 1270 3907 uel
1292 3843 1328 3906 ad
1353 3845 1448 3927 ipsam
1470 3844 1583 3926 poesim
1605 3863 1655 3925 po

371 3956 430 4005 test
451 3940 559 4025 reierrj.
581 3944 659 4005 Nam
680 3957 709 4006 et
730 3945 792 4026 ipsa
813 3942 910 4006 ltonor
931 3958 975 4005 est
997 3944 1098 4006 mundi
1120 3959 1149 4006 ct
1171 3961 1215 4007 est
1236 3943 1299 4007 sola
1321 3945 1397 4005 inter
1419 3944 1576 4017 iscientias,
1597 3963 1655 4025 que

372 4060 432 4104 non
452 4062 558 4103 aurum
579 4041 670 4124 cupit,
691 4042 742 4104 sed
763 4042 908 4105 honorem
931 4058 959 4105 ct
982 4044 1010 4105 iu
1043 4042 1149 4107 lamam
1172 4044 1353 4107 etternaliter
1382 4042 1515 4126 procedit
1535 4043 1655 4125 ingenio

372 4160 439 4216 suo,
458 4141 535 4202 sicut
556 4139 690 4224 virgilius
710 4162 794 4205 maro
815 4158 901 4226 poeta
924 4144 1083 4204 eximius·
1103 4150 1143 4216 tn,
1157 4154 1217 4227 spes
1229 4142 1390 4227 pastoribus
1408 4144 1525 4227 ingnu:
1539 4157 1568 4215 et
1589 4142 1656 4203 exi-

373 4239 431 4302 mia
459 4259 527 4321 spes
554 4254 601 4303 est
621 4238 768 4304 nobilibus
790 4243 858 4304 uiris
880 4257 909 4305 ct
930 4243 1091 4325 ingeniosis
1113 4258 1142 4305 et
1163 4242 1313 4306 licteratis.
1335 4246 1412 4306 Nam
1444 4258 1576 4325 pastores
1606 4241 1657 4303 di-

373 4353 481 4402 cuntur
500 4359 517 4400 a
538 4340 731 4401 custodiendo
752 4358 782 4403 et
803 4341 994 4424 gubernando
1014 4358 1044 4405 ct
1058 4343 1239 4427 protegendo
1254 4342 1381 4427 pecudes
1402 4359 1431 4404 et
1453 4361 1558 4424 greges
1573 4361 1656 4412 suas;

373 4439 413 4502 ita
435 4440 550 4522 sapiens
571 4439 710 4517 custodit,
733 4441 809 4524 regit
831 4456 859 4503 et
882 4442 1027 4525 gubernat
1050 4444 1135 4505 rudes
1163 4459 1192 4505 ct
1214 4443 1349 4504 immines
1371 4441 1525 4516 indoctos3
1546 4443 1586 4501 ita
1608 4460 1659 4522 per

374 4554 521 4624 pastorem
542 4537 718 4623 intelligitur
738 4540 834 4603 bonus
856 4543 901 4603 sir
921 4558 951 4604 et
972 4542 1124 4605 lictcratns
1145 4559 1174 4605 et
1195 4543 1322 4618 doctu33
1345 4544 1384 4604 ita
1407 4543 1469 4624 ipsa
1496 4542 1591 4624 poesis
1614 4553 1658 4600 est

373 4640 478 4724 ingens
498 4658 565 4721 spes
585 4638 750 4721 pastoribus
771 4659 800 4702 et
821 4640 961 4704 licteratis
984 4643 1064 4703 siris.
1085 4649 1135 4703 -le
1151 4651 1234 4708 turias.
1257 4643 1331 4703 idest
1353 4659 1451 4723 poete,
1474 4656 1502 4702 et
1516 4639 1616 4700 diuini
1630 4652 1658 4698 et

373 4740 555 4825 magnanimi
576 4738 675 4816 duces,
696 4737 770 4803 idest
791 4739 958 4823 probissimi
979 4758 1010 4804 ot
1031 4740 1120 4804 sortes
1141 4743 1207 4818 siri,
1228 4758 1258 4804 tc
1284 4740 1422 4826 diligunt.
1444 4743 1522 4804 Nam
1545 4751 1574 4800 et
1595 4739 1657 4816 ipsa

1602 4858 1639 4893 Vs
