4125 5217
808 420 839 470 tt
861 421 1050 472 oucottcuu
1073 423 1204 471 catut-:s
1585 420 1644 491 ¹77

366 697 485 765 propter
514 700 649 744 enonues
681 680 805 744 barones
827 678 904 743 ntnle
934 681 1112 765 dispositos3
1133 698 1162 745 et
1194 684 1235 744 ita
1267 682 1369 765 incipit
1399 681 1500 745 ideas:
1527 684 1650 748 „damus

368 801 503 844 ncrnsnut.
575 808 580 816 ⁴

448 880 605 944 Sciendum
627 880 771 965 estquod
793 897 863 944 tunc
885 894 1018 962 ternpore
1041 882 1103 963 ipse
1125 878 1259 943 urbertas
1290 897 1352 944 erat
1374 902 1461 945 seues
1483 896 1513 945 et
1541 883 1598 945 ianr
1622 885 1650 944 iu

369 983 430 1065 ipsa
460 982 619 1043 senectutis
650 995 738 1053 etate,
769 1000 827 1064 que
857 980 966 1042 dicitur
996 1000 1119 1042 occasus
1150 1000 1213 1043 esse
1245 982 1315 1044 rite.
1352 982 1438 1045 Unde
1467 982 1562 1046 dicit:
1593 984 1651 1042 iant

370 1081 412 1144 snl
441 1100 565 1152 rrttrcus,·
584 1080 659 1142 idest
686 1080 748 1162 ipse
776 1100 826 1141 res
856 1078 1071 1140 illustrissimus
1099 1078 1272 1162 expectabat
1293 1100 1444 1153 occasum,
1468 1082 1543 1143 idest
1565 1081 1652 1142 fatrem

372 1182 431 1255 rite
462 1200 514 1242 sue
545 1196 664 1263 propter
694 1181 854 1241 senectutis
885 1193 1014 1249 etatetn;
1047 1192 1077 1240 et
1106 1180 1169 1260 ipse
1199 1179 1255 1250 sol,
1283 1180 1358 1241 idest
1389 1182 1452 1262 ipse
1473 1201 1533 1253 res,
1564 1202 1654 1264 targa-

372 1278 420 1342 lot
438 1300 520 1365 epiros
540 1281 732 1341 lrnttsuu'clcrc
750 1287 874 1362 pronum
898 1280 953 1338 ilrr
974 1277 1062 1361 lircili
1091 1298 1185 1340 rtrrsu.
1208 1282 1270 1341 llec
1301 1279 1413 1342 locutio
1445 1282 1559 1363 poetica
1591 1296 1654 1342 est:

374 1399 453 1456 uam,
480 1394 567 1463 prout
597 1380 628 1440 in
659 1376 764 1439 fabulis
796 1393 950 1459 poetarum
983 1376 1102 1459 legitur,
1132 1376 1176 1439 sol
1208 1378 1317 1441 dicitur
1347 1379 1455 1442 babere
1485 1396 1554 1442 ante
1584 1400 1657 1443 cur·

375 1500 440 1542 runt
471 1480 534 1541 eius
563 1492 691 1562 quatuor
725 1496 817 1560 equos
851 1476 1054 1538 selocissirttos
1082 1475 1222 1557 (ellectus
1248 1498 1377 1561 quorum
1412 1494 1514 1562 postea
1544 1478 1656 1560 dicant)

374 1580 424 1665 qui
445 1579 483 1641 in‘
495 1576 680 1650 descensum,
701 1576 777 1638 idest
797 1578 827 1637 in
848 1595 999 1650 occasum,
1021 1577 1105 1658 proni
1129 1576 1265 1638 sidentur
1286 1591 1316 1639 et
1337 1580 1432 1660 stragis
1454 1578 1594 1641 velociter
1612 1578 1658 1640 de·

375 1676 514 1743 scendere
533 1674 610 1739 sacili
630 1690 719 1738 cursu
734 1696 824 1759 quam
845 1677 875 1737 in
897 1677 1028 1749 tueridie,
1051 1674 1098 1738 rel
1126 1679 1156 1738 in
1178 1678 1323 1759 principio
1343 1692 1446 1753 ortus3
1467 1693 1497 1740 et
1524 1678 1659 1739 siniibtcr

375 1779 453 1841 inter
482 1790 574 1839 etates
594 1774 751 1837 hominum
780 1790 917 1837 senectus
939 1773 1047 1837 inbitur
1078 1778 1174 1859 rapaci
1196 1796 1285 1838 cursu
1316 1777 1463 1839 addeum
1486 1779 1658 1859 provenerit.

340 1917 346 1931 .
376 1876 441 1958 (ric)
461 1877 502 1939 ita
522 1876 584 1959 ipse
605 1873 750 1938 Robertus
772 1875 801 1935 iu
822 1876 885 1957 ipsa
907 1874 1010 1936 ultima
1029 1889 1107 1937 etate
1129 1875 1278 1949 manebat,
1300 1891 1330 1937 et
1357 1895 1483 1958 pronum
1516 1878 1579 1939 eius
1607 1879 1661 1939 iter

377 1974 561 2060 expectabat,
572 1974 646 2037 idest
667 1971 802 2036 ultimam
824 1991 938 2057 partem
959 1974 1029 2036 rite.
1050 1995 1111 2058 quo
1133 1990 1267 2058 tempore
1288 1975 1368 2040 tudla
1389 1976 1464 2052 dies,
1485 1977 1562 2039 idest
1582 1976 1660 2038 nulla

379 2076 542 2160 priscorum
570 2089 631 2137 etas
658 2095 710 2136 seu
735 2076 955 2156 preteritorum,
978 2075 1090 2137 uiderat
1112 2090 1225 2137 tautam
1247 2078 1379 2160 quietem
1401 2097 1568 2152 neruorum,
1589 2077 1663 2139 idest

380 2176 534 2239 ciuitatum
554 2189 585 2237 et
605 2173 781 2257 populorum
803 2172 1000 2244 subditorum,
1020 2175 1141 2258 quando
1163 2176 1224 2255 regi
1246 2174 1392 2258 permulta
1407 2176 1515 2238 situilia
1529 2197 1581 2238 seu
1594 2197 1664 2258 pre-

380 2276 476 2339 terita.
497 2274 572 2335 idest
593 2292 743 2356 nunquam
763 2271 858 2334 luerat
885 2272 970 2335 illum
992 2294 1117 2355 regnum
1138 2276 1169 2335 in
1190 2289 1272 2336 tanta
1295 2294 1366 2356 pace
1394 2289 1424 2337 et
1447 2276 1556 2359 quiete,
1577 2291 1664 2359 prout

382 2389 453 2438 tuuc
473 2388 545 2448 erat,
566 2373 684 2435 visente
711 2371 775 2455 ipso
797 2392 866 2453 rege
894 2388 924 2433 et
945 2373 1083 2454 precipue
1104 2375 1134 2434 in
1154 2387 1309 2435 senectute
1328 2394 1392 2435 sua.
1413 2408 1434 2420 -
1452 2375 1568 2457 possim,
1589 2375 1665 2436 idest

381 2472 500 2558 ubique,
510 2488 643 2535 anuenta
656 2486 785 2534 saturata
806 2471 951 2547 iacebant,
966 2473 1040 2535 idest
1061 2473 1161 2555 populi
1177 2489 1207 2535 et
1222 2489 1326 2554 gentes
1348 2474 1438 2555 ipsius
1461 2474 1542 2555 regni
1557 2493 1666 2557 magna

382 2574 466 2657 copia
497 2574 593 2635 rictus
614 2571 771 2646 uisebant3
793 2587 822 2633 et
854 2570 925 2634 leuis
946 2592 1089 2654 sompnus
1110 2572 1238 2635 babebat
1260 2588 1402 2655 pastores,
1422 2573 1497 2636 idest
1522 2594 1666 2656 anangnns

384 2675 463 2736 siros
489 2673 579 2755 ipsius
608 2672 721 2754 rengui,
743 2687 770 2733 et
793 2671 939 2753 principes
967 2688 996 2734 et
1017 2674 1148 2734 seniores
1169 2671 1361 2755 quiescebant
1382 2688 1514 2734 carentes
1539 2675 1617 2735 curis
1639 2692 1667 2735 et

385 2770 617 2835 adversitatibus.
638 2806 658 2818 -
678 2772 750 2832 l'urs
764 2778 858 2832 lcradcs
878 2768 990 2847 lunulas
1011 2778 1117 2832 racclcrc
1137 2771 1207 2853 (pro
1222 2772 1382 2850 nectebat),
1403 2771 1477 2834 idest
1498 2793 1564 2855 pars
1585 2774 1668 2856 ipsu-

387 2892 453 2934 rum
473 2869 616 2933 nobilium
637 2866 967 2954 acquirebant'teretes
989 2870 1062 2931 idest
1086 2872 1228 2932 rotundos
1250 2870 1382 2945 baculos,
1403 2871 1478 2934 idest
1498 2857 1668 2956 pastorales.

348 3030 352 3036 .
386 2971 437 3056 qui
457 2968 663 3053 significabant
690 2970 893 3054 episcopatum
916 2983 945 3030 et
965 2967 1037 3030 alias
1051 2968 1220 3051 dignitates.
1244 2972 1322 3032 Nam
1344 2968 1466 3046 abipso
1487 2991 1558 3054 rege
1585 2974 1668 3033 assidu

387 3068 495 3154 gradus
516 3085 545 3132 et
566 3068 660 3132 multe
679 3068 839 3152 dignitates
859 3067 1083 3151 inpetrabantur
1102 3084 1134 3131 ot
1165 3069 1277 3131 multos
1304 3068 1478 3132 sublevabat
1508 3072 1588 3133 viros
1611 3075 1671 3152 ipse

389 3189 440 3233 rex
460 3184 489 3232 et
510 3188 634 3252 magnos
654 3166 788 3241 iaciebat,
809 3181 861 3230 aut
881 3184 1001 3251 propter
1021 3170 1066 3229 sui
1082 3170 1245 3252 potentiana
1260 3184 1290 3230 et
1305 3166 1528 3252 benignitatem,
1542 3158 1672 3252 aut'prn.

389 3285 454 3353 pter
482 3270 592 3331 summi
612 3267 759 3353 pontilicis
781 3266 1018 3330 latrtiliaritatent.
1040 3301 1060 3314 -
1077 3279 1159 3353 pars,
1179 3289 1232 3331 seu
1258 3267 1377 3331 illorum
1399 3270 1530 3331 uirorum
1551 3291 1599 3353 qur
1633 3271 1670 3330 ild

389 3367 557 3443 manebant,
578 3383 694 3431 nectere
708 3367 800 3451 (idest
821 3366 973 3450 nectabat)
997 3383 1086 3442 serta,
1106 3367 1252 3443 canendo,
1275 3364 1570 3452 lau'reamcaneudo,
1599 3373 1672 3429 idest

390 3467 582 3531 versificando
602 3488 685 3530 more
706 3483 870 3550 poetarum.
892 3482 921 3529 et
942 3468 1000 3529 hoc
1021 3468 1093 3530 dicit
1113 3482 1201 3530 autor
1221 3482 1343 3551 propter
1362 3487 1394 3528 se
1415 3469 1523 3550 ipsum,
1537 3470 1586 3552 qui
1603 3484 1672 3529 tunc

391 3569 531 3651 temporis
552 3566 671 3650 parabat
691 3587 722 3629 se
742 3568 785 3628 ire
807 3587 909 3628 roman
931 3565 968 3628 ad
988 3588 1020 3629 se
1042 3566 1235 3629 laureandum
1255 3565 1312 3627 sub
1333 3568 1470 3627 examine
1482 3568 1572 3649 ipsius
1588 3571 1674 3650 regis.

391 3701 412 3714 -
429 3675 500 3751 pars
529 3664 617 3750 agiles
645 3664 769 3727 cnlnuws
796 3678 923 3739 nectere,
954 3666 1030 3726 idest
1061 3664 1229 3739 nectebant,
1251 3665 1326 3727 idest
1358 3664 1573 3748 preparabant;
1606 3687 1673 3727 narn

393 3763 478 3828 multi
508 3763 632 3827 licterati
653 3765 707 3826 riri
728 3763 768 3826 ibi
800 3779 884 3824 erant
904 3776 934 3824 et
963 3765 1022 3825 acti
1044 3763 1080 3824 ad
1110 3763 1322 3838 scribendum3
1343 3763 1507 3846 dequibus
1528 3780 1590 3825 etat
1614 3765 1676 3846 ipse

393 3862 540 3939 barbatus,
560 3864 610 3947 qui
631 3864 662 3924 in
681 3862 740 3924 hoc
760 3882 849 3943 opere
869 3861 977 3923 dicitur
997 3860 1115 3945 plaitias.
1129 3897 1140 3909 ·
1154 3870 1218 3924 lunc
1233 3862 1319 3946 susm
1342 3860 1426 3924 rudus
1440 3861 1558 3923 nltduxil
1581 3864 1677 3924 teila-rt·

394 3969 448 4025 leut
475 3959 604 4046 placitum,
624 3960 699 4023 idest
731 3981 810 4023 naurs
840 3963 958 4044 operuit
985 3963 1083 4044 ipsum
1116 3982 1216 4045 regem
1249 3961 1401 4023 rubertum
1424 3962 1578 4035 nitentem,
1603 3963 1676 4024 idest

394 4060 606 4145 splendientem
626 4064 736 4124 uirtute
749 4077 779 4123 et
793 4062 926 4137 scientia,
947 4065 1061 4125 ,latrare
1074 4077 1104 4123 et
1118 4064 1250 4137 caritate3
1269 4069 1294 4122 cl
1305 4082 1361 4121 nni·
1371 4069 1493 4145 preceps,
1509 4061 1583 4123 idest
1597 4082 1677 4123 arnus

396 4176 426 4223 et
445 4159 511 4222 finis
531 4160 591 4222 rite
611 4161 702 4243 ipsius
724 4159 842 4234 roberti,
865 4176 985 4244 repente
1005 4159 1080 4222 aluit
1110 4177 1179 4223 autc
1201 4175 1401 4243 expectatum,
1422 4161 1497 4221 idest
1518 4175 1587 4222 ante
1611 4179 1679 4222 cun·

396 4275 545 4322 sumntum
566 4274 692 4342 tempus.
714 4280 782 4321 nant
803 4260 880 4322 aduc
901 4275 1017 4343 poterat
1040 4262 1138 4324 virere
1159 4262 1190 4321 in
1211 4260 1287 4321 bona
1309 4259 1472 4322 ualitudine
1491 4280 1543 4342 per
1567 4258 1679 4343 aliquot

397 4351 590 4435 annos,cun1¹
618 4360 708 4440 ipsius
729 4375 843 4433 natura,
864 4363 1001 4443 quanttis
1021 4381 1121 4434 senex,
1143 4360 1225 4422 lurtis
1247 4377 1333 4423 esset.
1353 4396 1364 4407 ·
1386 4360 1500 4420 horruit
1519 4367 1585 4430 elcr,
1607 4360 1680 4421 idest

384 4458 534 4534 mundus,
555 4473 673 4542 propter
692 4457 771 4521 illius
786 4474 913 4521 trrurtern
926 4483 934 4535 ;
949 4476 978 4522 et
994 4462 1133 4543 precipue
1153 4462 1247 4522 orruit
1268 4458 1318 4521 illa
1340 4462 1443 4542 rcugni
1465 4480 1532 4542 pars
1552 4459 1593 4521 illi
1615 4458 1680 4519 sub

398 4560 469 4636 dita,
480 4559 548 4644 quia
562 4574 669 4621 sentus
685 4575 713 4621 et
728 4558 823 4621 imber
836 4561 932 4622 scrire
946 4577 1086 4643 ceperant
1100 4560 1163 4641 (rel
1180 4562 1324 4622 «ser-ire»
1342 4580 1403 4641 pro:
1419 4560 1587 4646 sesicbpnt)
1603 4562 1682 4621 terri-

398 4660 449 4724 bili
470 4659 631 4745 grandine3
651 4660 726 4733 idest
747 4658 871 4721 barones
892 4674 922 4721 et
943 4652 1097 4744 taragnates
1118 4677 1260 4742 ceperunt
1281 4661 1362 4742 sequi
1385 4659 1561 4721 seditionem
1586 4674 1614 4721 et
1642 4660 1683 4720 di·

381 4767 385 4773 “
402 4762 548 4826 scordium
563 4776 592 4823 et
606 4761 683 4822 inter
703 4780 754 4822 ens
770 4758 844 4821 rnala
856 4760 1022 4844 concipere.
1043 4794 1055 4807 ·
1074 4761 1211 4833 mrlnlim,
1233 4759 1308 4822 idest
1328 4757 1460 4831 assidue,
1475 4760 1546 4817 sine
1556 4778 1654 4816 mss
1663 4773 1701 4810 cx
