4125 5217
834 404 865 454 ιι
887 402 1076 453 auconcusr
1100 403 1229 452 canons
1608 399 1672 467 ²¹9
1742 426 1746 435 ·

392 665 503 732 elene?
522 665 642 730 dimiete
663 667 732 728 istas
753 664 851 728 claves
872 681 901 727 et
922 664 1038 749 depone
1058 664 1309 728 sollicitudinem:
1326 679 1429 744 gravat
1444 679 1474 726 te
1495 662 1591 738 forte,
1606 679 1675 726 tnnc

393 786 448 829 uos
467 763 640 829 babebimus
651 763 750 827 'alium
772 785 876 847 papam
898 766 948 847 qui
963 780 1052 845 coget
1067 762 1220 847 populum,
1237 779 1392 846 vagantem
1409 783 1461 846 per
1474 763 1587 825 diversa
1603 762 1678 836 loca,

396 867 502 931 teverti
522 864 578 928 sub
597 879 685 928 tecta.
1679 853 1682 864 '

474 965 539 1028 lom
558 963 662 1026 michi:
683 963 849 1046 Respondet
871 966 975 1025 mitio:
1004 984 1062 1047 ego
1090 963 1164 1047 elegi
1188 964 1278 1025 michi
1310 962 1469 1041 rirargnisrca
1497 978 1526 1026 et
1548 983 1607 1025 non
1628 983 1679 1025 ero

396 1084 512 1147 semper
532 1084 650 1147 pauper,
664 1084 765 1125 servus
780 1065 925 1146 pauperis,
939 1066 1016 1125 sicut
1031 1079 1084 1139 tu;
1101 1061 1291 1135 voluctando,
1306 1083 1363 1141 ego
1379 1062 1484 1125 studeo
1504 1063 1565 1125 lieri
1581 1061 1680 1146 pulcra

397 1179 515 1249 propter
535 1165 680 1240 amicam;
702 1179 731 1226 et
752 1184 809 1245 ego
830 1162 926 1224 liabeo
947 1162 1038 1224 hodio
1060 1162 1153 1224 solem
1175 1180 1204 1224 et
1225 1160 1293 1226 colo
1309 1177 1392 1223 antra
1408 1162 1547 1223 umbrosa
1568 1177 1598 1225 et
1613 1161 1680 1235 volo

398 1263 488 1329 michi
509 1263 606 1327 hvare
625 1262 730 1327 faciem
751 1279 780 1325 et
800 1263 927 1325 frontem
947 1279 976 1325 et
998 1284 1119 1325 manum
1141 1284 1216 1346 aqua
1242 1264 1369 1336 recenti;
1393 1283 1451 1342 ego
1472 1262 1568 1326 liabeo
1588 1284 1679 1326 unum

398 1362 560 1448 ispeculum
591 1363 671 1448 quod
696 1361 776 1424 dedit
804 1362 894 1424 michi
921 1364 1126 1424 constantinus
1155 1363 1331 1445 imperator,
1362 1378 1478 1424 amator
1505 1382 1598 1424 meus.
1629 1383 1680 1424 seu

399 1484 469 1528 ecce
496 1462 640 1539 coridom,
666 1462 740 1525 idest
770 1465 983 1527 constantinus.
1013 1462 1167 1537 bicantius,
1195 1462 1273 1525 idest
1302 1464 1491 1525 constantino
1519 1462 1682 1545 poletanus,

399 1563 466 1628 ideo
486 1564 593 1626 dicitur
613 1562 767 1639 bicantius.
783 1562 850 1646 [vos
872 1583 923 1624 seu
946 1562 1060 1646 petrus]
1082 1564 1185 1625 iactari
1207 1561 1375 1645 gloriemini
1397 1562 1434 1623 de
1455 1564 1586 1644 ingnotis
1613 1565 1683 1624 arni·

400 1665 453 1740 cis,
472 1682 524 1726 seu
544 1662 582 1726 de
602 1661 696 1747 gloria
716 1679 815 1725 eterna
838 1679 867 1725 et
889 1662 1069 1725 beatitudine
1083 1683 1141 1747 que
1155 1683 1223 1724 snm
1245 1666 1347 1746 ignote
1369 1662 1470 1738 nobis;
1492 1682 1557 1725 mea
1578 1682 1683 1747 eppcu·

401 1765 454 1841 ria,
472 1782 525 1826 seu
552 1762 685 1840 ecclesia,
705 1763 797 1846 (sicut
824 1766 960 1846 epicurus
988 1765 1038 1847 qui
1061 1765 1159 1846 posuit
1187 1761 1368 1846 voluptatem
1397 1780 1427 1825 et
1456 1762 1623 1826 felicitatem
1653 1763 1681 1824 in

402 1862 573 1948 gaudendo)
594 1862 721 1947 gaudeat
742 1883 870 1925 niecum.
1574 1899 1581 1912 .

481 1960 635 2047 [Epytust]
656 1981 730 2045 papa
752 1960 918 2036 bonifatius,
939 1964 988 2045 qui
1013 1961 1106 2024 voluit
1128 1963 1226 2023 vivere
1248 1962 1487 2045 magnanimiter,
1509 1961 1575 2023 vide
1595 1983 1684 2045 qnam

402 2060 480 2126 male
499 2062 622 2125 accessit
641 2059 711 2123 sibit
732 2063 782 2145 qui
797 2062 909 2124 dimisit
924 2062 1015 2124 vitam
1031 2061 1185 2143 pudicam;
1200 2062 1266 2123 ideo
1280 2061 1366 2123 dicit:
1382 2060 1432 2122 ille
1447 2063 1526 2145 prior
1541 2062 1686 2144 epicurus,

402 2161 478 2225 idest
498 2160 664 2237 bonifatius,
684 2160 781 2245 lapsus
802 2164 831 2224 io
853 2161 1006 2244 amplexus
1029 2183 1153 2245 magnos
1168 2163 1252 2223 istius
1274 2162 1397 2223 ecclesie
1418 2161 1597 2244 prophanos,
1612 2162 1686 2225 idest

403 2282 464 2325 uon
483 2282 602 2339 sacros;
622 2260 671 2325 ille
692 2262 851 2345 predicavit
874 2283 924 2345 per
952 2262 1038 2324 urbes
1066 2279 1210 2346 quantum
1231 2282 1339 2344 sponsa
1360 2261 1483 2324 ecclesia
1512 2277 1556 2323 est
1581 2261 1687 2325 nobilis

404 2376 435 2425 et
454 2360 578 2445 gloriata
599 2376 653 2438 est,
672 2377 799 2446 quantus
820 2361 926 2423 nobilis
947 2382 1053 2444 sponsa
1076 2379 1152 2423 esset
1172 2361 1237 2444 sibi.
1252 2359 1302 2423 ille
1324 2360 1492 2436 bonifatius,
1507 2361 1628 2444 adeptus
1643 2383 1688 2424 ec·

404 2461 524 2526 clesiam
544 2459 613 2523 dolo
633 2476 663 2523 et
690 2460 800 2536 fraude,
827 2462 1010 2524 conduxerat
1033 2464 1125 2543 ipsam
1147 2461 1184 2522 ad
1213 2460 1278 2523 loca
1306 2460 1490 2522 delectabilia
1522 2477 1551 2523 et
1572 2482 1687 2538 amena,

404 2562 472 2646 quia
493 2559 611 2623 vivebat
632 2558 768 2622 nobiliter
789 2577 818 2623 et
839 2581 960 2636 amcne3
975 2562 1025 2623 sed
1041 2562 1188 2644 contingit
1209 2560 1264 2622 sibi
1287 2561 1367 2644 quod
1390 2560 1445 2623 luit
1467 2560 1622 2623 ridiculum
1638 2582 1688 2642 po·

405 2659 477 2746 puli,
498 2659 594 2723 fabula
616 2659 696 2744 vulgi
717 2661 788 2722 dum
811 2662 899 2735 vixit3
914 2676 954 2736 et,
975 2661 1046 2722 dum
1069 2677 1203 2723 mmtnus
1219 2659 1273 2722 fuit
1287 2663 1452 2743 captivatus
1467 2664 1497 2723 in
1512 2662 1687 2736 carceribus,

406 2760 490 2824 illum
511 2776 660 2823 mortuum
683 2758 855 2821 bonifatium
877 2781 964 2822 canes
986 2761 1179 2823 comederunt
1200 2778 1229 2821 et
1244 2764 1462 2843 perminserunt
1477 2764 1573 2843 ipsum
1587 2761 1690 2843 sepul-

407 2877 471 2925 tum
499 2859 682 2924 bonifatium.
706 2894 728 2907 ·
752 2859 935 2944 [Efcrnrnolz
963 2859 1109 2922 exclamat
1140 2877 1243 2923 contra
1276 2864 1498 2923 constantinum
1528 2864 1578 2945 qui
1610 2863 1690 2924 dedit

407 2962 503 3045 primo
522 2959 622 3023 dotem
643 2958 775 3034 ecclesie,
796 2959 862 3021 ideo
883 2960 969 3021 dicit:
986 2959 1035 3022 illc
1057 2963 1145 3022 miser
1164 2963 1368 3022 constantinus
1383 2960 1478 3043 ploret
1494 2976 1523 3023 et
1544 2963 1689 3023 crucietur

408 3060 613 3144 perpetualiter
633 3062 663 3122 in
682 3058 778 3121 abisso
799 3058 915 3142 inferni,
940 3061 1007 3142 qnia
1037 3062 1148 3142 primus
1177 3062 1381 3122 constantinus
1402 3060 1483 3122 dedit
1515 3060 1591 3121 mala
1612 3061 1689 3122 diana

408 3159 526 3245 prelatis
547 3160 677 3223 ecclesie.
699 3194 719 3206 -
738 3159 821 3219 ‘Dama
843 3175 874 3220 tn
897 3161 970 3242 petis
992 3158 1091 3220 baberi
1115 3157 1272 3235 formosus,
1286 3160 1358 3221 dum
1380 3175 1411 3221 tu
1427 3181 1552 3221 coronas
1567 3163 1690 3221 circum·

408 3262 460 3323 das
480 3259 548 3322 albo
569 3275 621 3322 tuo
642 3259 728 3342 capiti
751 3274 870 3342 propter
895 3261 1034 3321 canitiem
1057 3258 1146 3342 [serta
1169 3260 1292 3342 ingnote
1315 3261 1372 3321 tuis
1394 3259 1690 3342 predecessoribusl...

408 3362 508 3424 omnia
529 3361 699 3443 perveniant
719 3360 755 3419 ad
777 3358 887 3420 malum
911 3359 1010 3420 linem.
1034 3360 1090 3420 hoc
1113 3375 1176 3421 est:
1199 3360 1269 3421 dum
1294 3375 1324 3421 tu
1347 3359 1500 3421 delectaris
1533 3380 1562 3422 et
1593 3360 1691 3421 devias

409 3462 494 3523 avia
516 3476 593 3522 recta
614 3473 644 3521 et
664 3480 751 3520 omas
773 3458 913 3542 palatium
936 3459 1067 3531 floribus,
1082 3476 1111 3520 et
1126 3458 1197 3520 dnm
1220 3475 1251 3521 tn
1269 3480 1357 3522 ornas
1381 3462 1494 3542 virgam
1516 3460 1691 3542 pastoralem

410 3562 489 3643 gacis
510 3575 539 3622 et
559 3559 668 3640 divitiis
688 3558 805 3621 aliunde
827 3561 959 3641 portatis,
982 3561 1138 3641 permictas
1159 3561 1259 3621 omnia
1283 3558 1359 3620 male
1379 3560 1503 3632 cedere;
1526 3561 1593 3642 qnia
1616 3558 1691 3620 ninia

410 3661 467 3723 fata
488 3676 518 3722 et
538 3658 666 3721 infelices
687 3656 904 3721 costellationes
920 3680 997 3720 nunc
1016 3674 1139 3737 regnant
1154 3661 1183 3720 io
1198 3658 1273 3733 celo,
1289 3674 1316 3719 ct
1339 3658 1461 3740 inproba
1481 3658 1596 3719 fortuna
1614 3680 1691 3720 nunc

411 3778 514 3845 regnat
534 3776 563 3822 et
586 3761 665 3842 viget
686 3761 714 3820 in
736 3758 805 3821 celis
828 3776 913 3820 etex
936 3774 1017 3840 parte
1041 3759 1155 3820 videtur
1177 3779 1260 3833 esse;
1283 3778 1354 3840 ergo
1376 3778 1445 3820 cura
1474 3758 1574 3840 populi
1597 3760 1692 3819 inter-

411 3862 550 3924 mictatur
570 3876 599 3922 et
620 3880 679 3921 non
700 3879 784 3921 cures
805 3858 904 3941 aliquo
926 3858 1025 3932 niodo,
1048 3875 1077 3920 et
1098 3858 1181 3920 labor
1202 3859 1284 3942 regni
1307 3875 1336 3920 et
1361 3859 1492 3920 studium
1514 3857 1619 3941 peculi,
1640 3878 1691 3918 sen

410 3962 577 4046 patrimonii
601 3962 683 4042 petri.

489 4060 636 4121 Surredci:
656 4058 793 4121 describit
813 4060 910 4140 ipsum
932 4079 1147 4128 succcssumm,
1161 4060 1211 4142 qui
1234 4079 1307 4141 papa
1330 4056 1454 4125 futurus,
1470 4072 1499 4117 et
1515 4056 1644 4139 loquitur
1656 4057 1693 4118 dc

409 4181 484 4245 papa
505 4160 675 4222 innocentio
695 4160 745 4242 qui
768 4173 846 4220 recte
868 4158 920 4220 fnit
943 4160 1108 4220 contrarius
1130 4161 1219 4241 ipsius
1245 4157 1400 4221 clementis
1422 4173 1451 4219 et
1473 4157 1532 4218 fnit·
1548 4159 1693 4239 optimus;

410 4261 459 4346 qui
482 4279 541 4321 non
562 4258 651 4320 dabat
671 4258 789 4341 aliquod
811 4257 982 4320 benefitium
1006 4261 1059 4319 nisi
1082 4261 1168 4320 sciret
1185 4260 1276 4320 vitam
1293 4259 1436 4340 petentis;
1453 4260 1513 4317 imo
1528 4258 1606 4340 quod
1622 4278 1694 4338 papa

412 4358 526 4423 futurus
548 4361 638 4422 tristis
659 4373 688 4421 et
710 4359 808 4420 inlrers
830 4375 859 4420 et
881 4361 963 4441 piger
992 4358 1142 4420 excusabit
1169 4380 1200 4421 se
1227 4381 1243 4419 a
1272 4359 1479 4441 largitionibus
1502 4375 1530 4418 ct
1558 4358 1699 4418 cirrrnilms·

411 4457 491 4521 dabit
513 4457 673 4541 repulsam:
688 4460 780 4540 etqui
803 4479 875 4540 papa
898 4457 970 4519 feret
985 4476 1013 4519 et
1037 4459 1154 4519 indncat
1176 4459 1367 4520 inmunditias
1383 4457 1499 4518 vivendi
1522 4458 1550 4517 in
1573 4455 1694 4517 ecclesia

413 4579 543 4621 romana.
564 4593 583 4605 -
605 4560 664 4619 Por
678 4558 798 4642 sinon:
820 4560 987 4640 Respondet
1011 4559 1180 4641 l'mplrilns,
1196 4580 1304 4641 cqnnm
1321 4574 1347 4619 et
1364 4561 1474 4620 iustnm
1497 4574 1569 4624 erat.
1592 4557 1695 4617 mclins

410 4657 511 4721 fuisset
533 4657 583 4720 tibi
608 4679 744 4734 revocare
770 4659 807 4721 ad
836 4676 965 4720 memem
996 4675 1077 4720 tuam
1099 4675 1172 4743 qnot
1201 4658 1326 4742 pericula
1350 4674 1378 4719 et
1408 4658 1483 4718 niala
1511 4660 1615 4718 cristus
1637 4658 1695 4717 do-

411 4759 508 4821 minus
527 4760 665 4821 sustinuit
686 4774 806 4843 propter
826 4759 991 4822 ecclesiam.
1013 4780 1080 4822 ecce
1103 4782 1157 4819 nos
1179 4761 1305 4821 vidimus
1332 4760 1429 4841 ipsmn
1450 4759 1574 4819 cristum
1597 4756 1693 4818 imia-
