4125 5217
824 406 855 455 ll.
878 407 1064 457 aucotrcutt
1087 410 1218 459 cnunttu

339 723 343 733 -
384 665 602 749 Admonuit
632 688 762 750 nostre
790 685 827 777 et
855 666 1008 750 dulcem
1040 670 1238 752 renovarit
1268 698 1455 754 amorem.

383 792 491 877 Tum
519 790 882 907 frondosaingens
914 796 1042 890 ramis,
1071 794 1260 878 altissima
1287 794 1400 901 lagus

261 925 263 930 ’
384 905 648 1028 Optatamque
676 921 783 1027 gregi
813 922 941 1026 gregis
970 948 1012 1001 ac
1041 920 1266 1005 ductoribus
1297 923 1474 1007 umbram

386 1030 596 1142 fundebat,
626 1044 830 1128 volucrum
860 1046 968 1130 sedes
997 1048 1199 1155 aptissima
1229 1047 1342 1139 nidis,

387 1171 677 1281 Assiduumque
705 1201 850 1256 sonans
877 1174 1063 1281 varioque
1091 1177 1253 1257 exercita
1283 1176 1409 1258 cantu.

388 1299 516 1407 Atque
543 1296 618 1393 hic,
648 1298 771 1381 multa
800 1299 949 1395 iubens,
978 1329 998 1382 e
1026 1299 1115 1382 sede
1145 1300 1334 1384 verendus
1363 1330 1510 1400 acerna,

386 1424 676 1533 Formosusque
703 1426 814 1533 gigas
843 1426 975 1509 lucum
1005 1455 1166 1509 omnem
1195 1427 1322 1510 lronte
1349 1454 1483 1511 serena

390 1551 436 1636 Et
465 1550 647 1660 pastorali
677 1580 741 1634 tus
770 1554 968 1635 maiestate
997 1552 1162 1658 tegebat,

387 1678 483 1763 Otia
510 1679 550 1762 ni
578 1677 716 1775 desint,
746 1676 844 1762 nulli
874 1708 1039 1788 usquam
1069 1708 1164 1763 voce
1192 1682 1397 1765 secundus.

389 1798 561 1889 Dulcit'er
588 1804 653 1889 ille
682 1805 840 1914 quidem
870 1806 1116 1916 (quanquam
1148 1836 1363 1891 rancescere
1392 1812 1493 1893 curis

389 1934 504 2016 Musa
530 1931 652 2043 solet)
682 1932 748 2016 sed
778 1962 859 2016 rara
887 1962 1040 2030 canens,
1070 1932 1293 2042 ltontesque
1322 1958 1528 2020 canentum

387 2059 586 2144 Exornans
613 2061 736 2144 niveis
765 2061 871 2143 vittis
899 2080 936 2143 et
965 2058 1100 2143 fronde
1131 2062 1300 2169 perenni.

389 2184 470 2283 llle,
498 2186 564 2269 ubi
594 2187 759 2295 pastoris
788 2208 1037 2295 properatum
1066 2186 1184 2271 sunus
1212 2190 1330 2273 amati

393 2312 529 2411 flevit,
557 2311 825 2421 inexplicitum
854 2342 1007 2397 carmen
1038 2315 1241 2399 mandasse
1270 2317 1424 2399 duobus

390 2441 535 2537 Fertur,
563 2461 601 2524 et
628 2461 792 2546 angusta
821 2440 956 2523 limam
986 2442 1059 2524 sub
1088 2440 1173 2550 lege
1201 2442 1370 2525 dedisse:

385 2567 503 2673 Jusso
529 2566 671 2649 alacres
700 2569 840 2649 instare
869 2568 990 2674 operi,
1021 2595 1225 2674 rerumque
1254 2595 1411 2650 suatum

391 2696 657 2789 lmmemoreS,
686 2693 810 2776 aliena
838 2721 956 2805 traanu
986 2713 1143 2775 tractare
1173 2695 1358 2799 magistra

392 2820 658 2928 conspiceres,
687 2818 919 2927 laudemque
948 2820 1024 2924 alii,
1054 2818 1127 2901 sibi
1156 2818 1255 2902 velle
1285 2819 1470 2902 laborem.

392 2946 490 3030 Tres
518 2974 725 3029 nemorum
754 2944 941 3028 dominos
970 2969 1005 3029 et
1035 2946 1174 3028 eodem
1204 2946 1359 3054 cespite,
1391 2946 1517 3028 Musis

348 3103 352 3110 ’
390 3074 568 3158 lntentos
596 3072 856 3182 gregibusque
880 3072 1217 3182 'simul,····spectare
1246 3073 1446 3169 decorum,

394 3199 517 3284 Dulce
544 3198 628 3282 luit.
660 3200 846 3297 Quorum
876 3227 978 3281 unus
1009 3200 1078 3282 iter
1106 3199 1282 3282 cantabat
1311 3220 1420 3281 acuta

394 3308 499 3411 Voce
526 3354 661 3420 suum;
693 3328 801 3433 niger
829 3324 893 3408 ille
922 3325 1061 3409 oculos
1090 3348 1280 3434 gestuque
1307 3347 1486 3422 venust0,

395 3454 599 3537 Pastorum
629 3481 750 3562 paror
778 3482 820 3535 ac
848 3453 1044 3535 stimulus.
1075 3454 1221 3536 Contra
1251 3452 1315 3537 ille
1343 3454 1536 3536 secundus

394 3580 524 3664 Totus
552 3608 675 3676 amor,
705 3579 854 3688 placida
882 3580 1021 3663 doctus
1051 3582 1105 3664 nil
1135 3579 1262 3664 fronte
1291 3608 1441 3687 negare.

395 3706 552 3790 Tertius
581 3708 746 3814 impexis
774 3728 878 3789 estus
908 3728 943 3789 et
973 3705 1116 3814 frigora
1145 3727 1182 3789 et
1212 3706 1354 3789 imbres

384 3835 582 3926 ¹Assuetus
612 3831 773 3942 perferre
802 3834 948 3927 comis;
977 3835 1058 3942 qui,
1088 3835 1212 3917 multa
1238 3832 1420 3928 videndo,

395 3958 548 4045 Omnes
577 3959 761 4043 ambierat
789 3959 919 4057 silvas,
948 3964 1160 4070 cigneaque
1189 3989 1318 4044 serum

465 4220 497 4271 V.
516 4219 583 4283 289:
602 4219 626 4270 ll
643 4220 701 4270 eod.
719 4219 794 4270 l'lll.
813 4218 847 4269 G.
867 4230 882 4282 7
901 4219 968 4270 della
987 4220 1052 4275 Ner.
1069 4220 1097 4271 di
1125 4219 1218 4285 Napoli
1246 4219 1280 4269 da
1306 4229 1397 4285 queste
1414 4218 1543 4269 variante:
1569 4220 1678 4283 «Atque
1717 4286 1719 4292 Α

396 4308 436 4363 bic
455 4310 534 4361 multe
561 4309 652 4361 iubeus
679 4309 744 4361 solio
762 4309 879 4360 sublimis
898 4327 1024 4366 acerno-e
1043 4311 1088 4361 cfr.
1107 4328 1165 4377 pag.
1189 4310 1228 4361 18.
1247 4338 1256 4349 ·
1274 4310 1323 4361 Nel
1343 4310 1484 4360 rneulesimo
1508 4310 1565 4363 cod.
1583 4308 1591 4358 i
1612 4308 1678 4358 veni

395 4414 446 4467 303
463 4428 474 4440 ·
491 4413 543 4466 304
571 4399 593 4451 si
618 4400 731 4467 leggono
758 4417 806 4451 eon
834 4413 923 4467 queste
951 4401 1073 4455 varianti:
1096 4402 1238 4466 «Jntentos
1266 4401 1437 4469 gregibusque
1463 4399 1539 4449 simul
1565 4413 1678 4464 spectare

395 4492 514 4542 deuotum
532 4498 590 4541 est·
604 4491 637 4541 Et
654 4491 728 4542 dulce
746 4488 902 4542 luit...·l'.
923 4505 993 4555 302:
1015 4492 1139 4545 musis-‚ur
1158 4491 1203 4542 elr.
1224 4509 1281 4558 pag.
1300 4504 1343 4543 κο.
1365 4491 1409 4541 tiu
1428 4499 1592 4558 graveruente
1618 4504 1676 4536 mo·

334 4627 336 4631 .
395 4580 489 4633 atterat
512 4595 578 4632 sono
596 4580 605 4631 i
624 4597 675 4633 us.
694 4594 763 4647 311·
774 4595 835 4648 312,
853 4582 900 4633 elre
919 4582 943 4632 vi
963 4598 1028 4632 sono
1046 4586 1098 4633 cosi
1119 4583 1250 4648 riportati:

700 4688 782 4731 Omnes
794 4688 896 4732 ambierat
910 4688 973 4730 sileae
986 4699 1006 4732 et
1020 4688 1117 4731 carmina
1131 4704 1200 4732 sentin

699 4759 781 4814 cam
795 4761 838 4804 iarn
850 4761 921 4804 unior
936 4761 1005 4804 vicina
1020 4772 1086 4805 morte
1099 4763 1198 4805 caneleu.
1213 4762 1262 4813 (cle.
1277 4775 1327 4816 pag.
1344 4767 1386 4815 tp).
