4125 5217
189 2371 212 2399 v.
228 2369 266 2409 roa
274 2377 282 2388 ·
291 2368 330 2407 rra

193 4043 216 4070 v.
233 4040 271 4080 ιις
279 4050 288 4061 ·
297 4040 336 4081 rip

398 396 463 466 270
567 414 570 418 <
782 431 784 435 .
901 394 1053 446 nuromo
1076 396 1184 444 nvnu

400 661 550 724 transitus.
570 658 650 722 hunc
672 674 793 743 pontem
816 659 927 734 Ursini,
954 657 1026 720 dnm
1055 675 1193 741 guerram
1213 670 1316 718 contra
1343 658 1492 720 Romanos
1517 673 1548 720 et
1574 656 1686 719 colurn-

401 778 506 826 nenscs
527 759 679 835 haberent,
700 760 811 821 destrui
832 773 863 820 et
883 758 914 820 iu
935 756 1069 822 Tiberim
1098 775 1233 838 mergere
1261 754 1400 818 iecerunt.
1422 757 1494 818 dicit
1514 777 1586 840 ergo
1606 759 1687 844 quod

400 882 478 946 opus
498 875 542 923 est
562 858 644 923 burte
673 879 815 943 reparare.
837 861 875 921 Et
902 857 950 920 hic
979 877 1054 941 pons
1082 856 1204 920 Milvius
1231 854 1393 918 dicebatur.
1414 890 1425 905 ·
1446 856 1508 919 bic:
1531 858 1560 920 in
1587 858 1687 921 Tiberi

401 963 484 1025 iuxta
505 961 627 1025 Ortum.
647 993 658 1009 ·
678 979 819 1023 noorrcm:
840 972 1023 1021 senatorum.
1044 991 1056 1005 ·
1076 957 1174 1018 berilus
1188 954 1291 1040 freres:
1313 970 1460 1039 ternpore·
1473 977 1533 1042 quo
1555 958 1689 1020 Katelina

402 1059 575 1126 coniurabat
595 1074 699 1123 contra
727 1062 865 1124 Romam.
887 1061 1005 1122 Marcus
1034 1056 1153 1120 Tullius
1175 1057 1282 1119 Cicero
1308 1071 1370 1119 erat
1397 1055 1511 1133 consul,
1531 1059 1616 1119 cuins
1637 1079 1690 1120 sa-

404 1162 512 1245 pientia
540 1159 655 1222 detecta
686 1158 741 1222 luit
768 1160 950 1243 conspiratio
983 1157 1126 1220 liatelinc.
1154 1171 1183 1219 et
1211 1158 1240 1218 in
1272 1171 1362 1239 ponte
1383 1155 1509 1231 Tiberis,
1537 1158 1587 1239 qui
1617 1178 1690 1241 pons

404 1260 525 1325 Milvius
545 1259 642 1323 dictus
662 1277 716 1335 est,
737 1261 767 1322 in
787 1278 848 1343 quo
866 1257 1040 1342 deprehensi
1062 1256 1180 1319 luerunt
1205 1255 1432 1320 ambasciatores
1461 1255 1595 1320 Kateline
1621 1277 1690 1320 cum

404 1360 509 1424 litteris
529 1360 772 1443 conspirationis;
792 1378 868 1441 quos
896 1357 1014 1422 Tullius
1035 1357 1195 1440 decapitari
1222 1356 1300 1431 iecit,
1321 1358 1388 1438 quia
1410 1356 1550 1440 parabant
1570 1357 1692 1419 destm-

405 1460 536 1523 ctionem
558 1457 622 1521 urbi
644 1475 673 1520 et
695 1458 854 1542 populis·
873 1455 1025 1542 gregibus:
1049 1455 1166 1540 populis
1189 1457 1339 1520 Ronmnis.
1360 1491 1369 1504 ·
1390 1455 1490 1518 siluis:
1512 1456 1691 1519 civitatibus.

404 1593 425 1607 ·
445 1567 597 1642 supremo:
618 1558 741 1620 excidia.
761 1593 772 1607 ·
794 1559 918 1642 repperit
938 1564 1077 1641 orgium:
1100 1557 1183 1618 Sicut
1205 1555 1322 1619 'l'ullius
1344 1555 1418 1617 libro
1441 1563 1472 1635 3⁰
1486 1557 1691 1619 irruerlivorum

405 1659 437 1720 iu
459 1656 622 1720 Kuldinour
645 1672 751 1731 narrat,
773 1659 852 1720 idem
880 1658 986 1721 Cicem
1012 1656 1129 1732 consul,
1150 1659 1247 1719 sciens
1274 1655 1387 1739 legatos
1414 1654 1610 1740 Allobrogum
1636 1677 1693 1719 ve-

406 1758 470 1819 nire
489 1755 620 1832 obviam,
641 1760 692 1840 Sp.
714 1757 853 1820 Flaccum
875 1772 905 1819 et
926 1758 960 1819 L.
982 1758 1181 1839 Pomponium
1204 1772 1334 1838 pretores
1349 1758 1429 1818 misit
1442 1756 1492 1839 qni
1514 1756 1551 1818 ad
1572 1771 1692 1839 pontem

408 1854 546 1919 Milviurn
566 1872 763 1932 accesserunt,
785 1855 835 1918 ubi
856 1856 1015 1919 commissa
1038 1876 1137 1938 pugna
1155 1857 1233 1938 capti
1255 1871 1324 1917 sunt
1341 1870 1483 1930 oratores,
1498 1854 1693 1940 Allobrogum

406 1957 457 2039 qui
478 1976 495 2016 a
518 1954 652 2018 liatelina
674 1954 870 2019 mittebantur
896 1976 965 2019 cum
995 1955 1102 2018 litteris
1123 1957 1349 2039 conspirationis
1378 1958 1407 2017 iu
1429 1957 1610 2018 eversionem
1634 1958 1694 2018 rei-

406 2053 523 2139 publice
551 2057 754 2119 Romanorum
775 2057 837 2140 qui,
858 2058 947 2139 capti,
968 2055 1005 2117 ad
1027 2055 1163 2127 Tullium
1191 2070 1260 2117 sunt
1292 2056 1423 2139 perducti
1452 2070 1482 2118 et
1511 2057 1694 2139 conspiratio

408 2152 552 2237 patefacta
573 2169 618 2216 est
638 2173 727 2237 opere
748 2155 912 2219 Ciceronis.
934 2175 1006 2237 ergo
1024 2155 1095 2217 dicit
1119 2162 1241 2239 urgulus
1253 2162 1361 2240 postor,
1382 2176 1433 2217 scu
1457 2158 1497 2217 Μ.
1519 2158 1557 2218 Τ.
1579 2157 1696 2220 Cicero.

408 2287 428 2301 -
448 2260 590 2336 argutus:
611 2252 761 2337 eloquens.

492 2352 655 2437 Corripulil:
676 2353 712 2414 ad
733 2353 966 2415 destructionem
995 2355 1103 2436 pontis.
1124 2389 1145 2401 -
1165 2353 1277 2416 rirubu:
1305 2358 1387 2418 navis
1415 2375 1503 2438 parva
1531 2355 1646 2417 sullicit-
1659 2355 1695 2417 ad

410 2451 705 2522 transitumTiberis
727 2454 809 2514 iuxta
831 2455 955 2528 Ortum,
970 2453 1020 2515 ubi
1042 2473 1117 2536 pons
1138 2452 1202 2515 luit.
1217 2488 1237 2500 -
1253 2453 1419 2538 Corripulil:
1441 2455 1608 2536 Respondet
1629 2455 1696 2537 npi-

408 2552 491 2613 cius:
520 2566 569 2613 tua
597 2551 733 2634 superbia
761 2552 917 2635 compulit,
946 2552 1020 2614 idest
1049 2551 1257 2615 colurnnenses
1285 2553 1491 2636 compulerunt
1520 2556 1643 2617 Ursinos
1663 2570 1696 2617 ut

410 2670 484 2732 pons
504 2650 704 2714 destrueretur
724 2651 789 2726 liic3
805 2652 931 2714 sednon
952 2667 997 2715 est
1011 2669 1214 2735 opportunum
1239 2673 1371 2735 reparare
1385 2655 1453 2735 quia
1476 2656 1558 2715 navis
1579 2654 1697 2729 suflicit,

410 2751 492 2824 Quia
513 2752 648 2812 civitates
669 2767 699 2812 et
721 2750 869 2835 locaque
892 2755 985 2816 Roma
1002 2752 1077 2814 ultra
1094 2752 1219 2814 fluvium
1234 2755 1387 2814 consuevit
1403 2752 1519 2827 habere,
1536 2754 1697 2816 nonhabet

410 2858 530 2932 propter
549 2849 710 2913 discordias
733 2854 958 2927 Romanorum3
979 2852 1039 2914 iam
1060 2851 1158 2914 solum
1186 2867 1320 2935 superest
1345 2849 1427 2918 locus
1450 2853 1501 2916 ille
1520 2873 1609 2937 quern
1633 2856 1698 2918 Ro-

410 2947 509 3011 mulus
530 2963 560 3011 et
581 2951 691 3014 Remus
718 2966 958 3013 construxerunt.
980 2953 1078 3013 -Rus
1106 2950 1211 3013 breue:
1233 2953 1302 3036 quia
1329 2950 1401 3014 olim
1428 2952 1522 3015 multa
1552 2968 1647 3016 castra
1668 2969 1697 3015 ct

410 3046 476 3110 loca
497 3069 602 3111 annena
624 3066 707 3113 erant
729 3053 758 3113 in
781 3050 912 3135 partibus
934 3053 1015 3114 iusta
1031 3052 1144 3114 Ortum
1159 3072 1218 3135 que
1235 3072 1313 3113 nunc
1329 3072 1388 3113 non
1403 3066 1481 3129 sunt,
1496 3068 1525 3115 et
1546 3055 1588 3116 sic
1609 3074 1698 3137 parva

410 3146 508 3209 eim'b'a
529 3158 604 3231 opus
626 3165 670 3211 est
692 3165 721 3212 et
742 3152 832 3211 eriam
855 3149 999 3212 habemus
1020 3153 1114 3234 pauca
1137 3150 1282 3234 locaque
1306 3150 1382 3213 ultra
1395 3151 1514 3214 ‘flumen
1535 3167 1697 3215 teneamus.

410 3279 430 3291 -
451 3252 532 3308 arcio
553 3246 698 3333 coufiuiu:
720 3270 788 3310 nam
817 3264 953 3333 tempore
979 3270 1040 3333 quo
1069 3253 1163 3314 Roma
1192 3250 1248 3311 sub
1277 3250 1406 3333 Regibus
1434 3250 1488 3314 luit
1516 3273 1575 3314 non
1596 3252 1698 3316 habuit

411 3347 507 3407 maius
529 3365 569 3408 xx
591 3347 712 3409 miliaris
733 3350 763 3409 iu
784 3348 952 3410 confinibus
974 3350 1111 3430 territorij
1128 3350 1184 3423 sui,
1203 3365 1232 3410 et
1254 3350 1295 3410 sic
1316 3350 1352 3411 ad
1373 3349 1454 3411 illam
1475 3371 1643 3425 mensnram
1658 3372 1698 3414 re

411 3445 492 3507 ducti
518 3465 620 3507 sumus
642 3466 705 3507 nos.
727 3482 747 3494 -
768 3454 799 3508 ol
818 3448 894 3508 iuter
915 3455 1087 3531 utriunque:
1109 3450 1186 3510 inter
1207 3450 1318 3530 primos
1340 3463 1369 3511 et
1390 3469 1477 3511 nunc.
1499 3450 1623 3513 Extollit
1644 3465 1699 3512 sta·

412 3558 477 3607 tum
498 3544 618 3607 illorum
639 3550 689 3630 qui
713 3546 831 3630 regibus
846 3563 1062 3609 successerunt.
1078 3584 1097 3595 ·
1111 3547 1269 3610 luserunt:
1290 3548 1504 3631 ampliaverunt
1526 3571 1577 3634 per
1596 3550 1697 3613 orbem

413 3658 557 3706 terrarum
579 3648 716 3709 Romam.
738 3681 757 3692 -
790 3646 888 3708 Trrlius
916 3648 947 3707 iu
976 3649 1062 3730 ripa:
1090 3649 1159 3729 quia
1187 3648 1288 3710 hostes
1310 3669 1369 3709 non
1398 3650 1437 3710 ita
1466 3648 1550 3712 facile
1577 3651 1699 3712 transire

389 3745 544 3827 possunt.
565 3779 585 3791 -
605 3744 723 3806 dorrros:
745 3745 938 3828 Capitolium.
960 3781 980 3793 -
1000 3745 1143 3830 sepulcri:
1165 3749 1279 3824 mortis,
1300 3750 1368 3831 quia
1393 3769 1447 3810 nos
1468 3770 1569 3812 sumus
1590 3751 1620 3812 in
1641 3750 1699 3813 linc

411 3842 619 3906 destructionis
641 3843 721 3906 urbis
744 3859 773 3906 ct
794 3845 921 3928 imperij,
937 3861 966 3907 et
987 3861 1019 3907 tu
1041 3847 1139 3930 queris
1155 3845 1232 3909 velle
1254 3852 1378 3911 Romam
1394 3847 1547 3911 sublevare
1567 3851 1624 3911 iam
1640 3850 1699 3914 lere

411 3940 580 4024 sepultam?

494 4038 574 4113 Quiri
594 4060 690 4102 varro:
711 4041 912 4104 introducitur
933 4056 1033 4126 pastor
1055 4063 1130 4104 untes
1145 4044 1196 4127 qui
1210 4043 1332 4106 festinus
1352 4043 1526 4126 appellatur,
1540 4063 1592 4127 per
1610 4064 1699 4129 quern

411 4135 553 4199 debemus
575 4149 732 4201 romanum
754 4140 899 4225 populum
922 4140 967 4204 vel
990 4141 1097 4205 lamam
1120 4163 1179 4227 que
1194 4142 1322 4206 volatilis
1344 4160 1387 4206 est
1407 4143 1584 4228 intelligere3
1601 4160 1631 4207 ct
1645 4148 1700 4209 Ro·

412 4256 517 4298 manus
539 4236 666 4321 populus
694 4239 843 4302 etiamad
870 4261 922 4302 sua
944 4242 1110 4325 peragenda
1140 4243 1258 4326 negotia
1287 4263 1407 4326 preceps
1435 4258 1488 4305 est.
1509 4243 1559 4306 hic
1579 4243 1699 4306 lestiruu

413 4337 542 4399 occurrit
571 4338 634 4398 istis
662 4338 777 4401 duobus
806 4340 973 4423 pastoribus
1002 4342 1043 4403 sic
1072 4341 1321 4424 colloquentibus,
1349 4343 1467 4405 dicens:
1499 4343 1569 4427 quid
1597 4364 1700 4407 consu·

414 4437 494 4497 mitis
523 4451 639 4521 tempus
668 4454 799 4500 vestrum
827 4441 857 4503 in
887 4442 949 4503 istis
970 4440 1212 4503 altercationibus
1240 4458 1270 4503 et
1296 4443 1568 4506 collocutionibus?
1594 4444 1699 4524 aptitu-

413 4535 512 4597 dinem
534 4537 670 4620 equidem
691 4537 727 4599 ad
749 4527 962 4601 sublevandam
984 4556 1109 4601 matrem
1133 4555 1261 4602 vestram
1294 4544 1430 4618 Romam,
1451 4557 1484 4604 ut
1505 4541 1611 4618 dicitis,
1640 4563 1700 4604 non

413 4633 537 4697 habetis.
559 4636 616 4698 Sed
638 4658 713 4697 unus
735 4637 810 4699 alius
832 4642 935 4701 tertius
957 4654 985 4700 et
1008 4641 1107 4700 minor
1128 4640 1212 4701 vobis
1234 4642 1292 4702 iam
1315 4643 1404 4717 venit,
1426 4642 1475 4725 qui
1497 4644 1589 4725 ipsam
1613 4661 1700 4725 repa·

414 4733 490 4797 rabit
510 4751 540 4796 et
561 4738 755 4818 aptitudinem
778 4726 876 4801 liubit.
899 4742 936 4801 lit
957 4738 1005 4800 hic
1027 4740 1086 4800 iam
1108 4741 1187 4823 cepit
1212 4760 1315 4803 curam
1337 4740 1454 4803 liabere.
1470 4741 1518 4805 hic
1539 4756 1650 4821 autem,
1663 4742 1701 4806 de
