4125 5217
873 393 902 440 ll.
927 393 1113 441 BUCOLlCUM
1136 394 1265 440 tzartsttm·

433 655 578 736 Nostra
606 654 720 761 petit;
752 651 879 759 plures
909 651 1068 734 redeunt
1097 680 1118 732 a
1147 652 1282 734 limine
1313 650 1459 736 lrustra.

218 778 285 860 Sil.
390 781 526 884 (INon
554 806 675 886 pavor
704 778 765 860 hic
795 780 913 859 animi
945 776 1081 868 [uerae
1111 778 1143 859 si
1175 776 1333 860 forsitan
1363 807 1486 874 aures,

435 905 624 989 Dulcibus
653 928 834 999 assuetas,
865 906 1045 986 inamena
1073 903 1226 986 silentia
1255 926 1432 1011 tangunt,

436 1033 614 1115 Miraris?
643 1034 791 1115 Natura
818 1030 976 1138 quidem
1008 1029 1049 1112 lit
1078 1030 1237 1133 longior
1266 1061 1371 1113 usus

219 1159 298 1240 ⁴llo.
393 1159 496 1262 QIO!
527 1161 665 1241 iterum
696 1158 807 1240 breve
836 1159 866 1238 si
898 1185 1052 1239 mecum
1082 1157 1276 1240 traducere
1305 1177 1476 1266 tempus-

436 1285 660 1392 Contingat,
690 1283 875 1390 sileatque
906 1282 1034 1388 fragor
1064 1311 1267 1391 rerumque
1296 1282 1502 1378 tumultus,

438 1410 600 1494 Dulcius
629 1410 690 1493 hic
719 1431 865 1517 quanto
896 1409 1023 1491 media
1051 1408 1123 1491 sub
1152 1432 1266 1492 nocte
1296 1411 1443 1494 videbis

439 1538 603 1621 Psallere
633 1540 847 1645 pastorem!
880 1534 1133 1643 Reliquorum
1165 1536 1311 1619 oblivia
1339 1538 1484 1619 semim

439 1666 589 1772 Ingeret
618 1662 682 1745 ille
710 1661 796 1753 tibi;
828 1690 906 1743 non
937 1690 1090 1744 carmen
1119 1664 1233 1745 inane
1262 1664 1435 1769 negabis,

437 1789 560 1888 Quod
589 1789 711 1872 modo
740 1788 934 1883 sollicitat,
964 1789 1072 1898 quod
1100 1811 1136 1873 te
1165 1791 1366 1898 suspendit
1396 1789 1581 1902 lriantem.

224 1925 291 2009 Sil.
321 1959 384 2014 ao
437 1918 554 2016 Quis,
583 1944 719 2024 ques0,
747 1938 811 1998 aut
840 1943 1014 2022 quonam
1043 1917 1197 2021 genitus
1226 1916 1299 1998 sub
1326 1916 1450 2000 sidere
1478 1938 1611 2024 pastor

438 2045 526 2127 Hoc
554 2045 694 2152 queat?
723 2040 866 2124 Audivi
897 2062 1098 2149 pastorum
1128 2045 1299 2126 carmina
1327 2042 1447 2140 mille,

370 2277 374 2284 Ι
439 2168 549 2252 Mille
578 2167 742 2261 modos;
771 2197 992 2277 quenquam
1024 2171 1167 2253 nostris
1196 2199 1335 2278 equare
1364 2191 1511 2253 cavete.

225 2306 303 2389 Mo.
396 2294 594 2410 qnudisti
625 2323 703 2403 quo
734 2317 868 2378 monte
895 2294 975 2378 duo
1005 2295 1095 2378 lons
1125 2298 1263 2378 unicus
1291 2296 1370 2380 edit

438 2422 646 2506 Flumina?
674 2423 755 2504 sive
784 2420 943 2504 ubinam
974 2423 1143 2527 gentinis
1172 2451 1217 2505 ex
1247 2422 1421 2505 lontibus
1450 2451 1574 2505 unum

438 2548 602 2632 Flumen
633 2576 762 2656 aquas,
792 2576 1020 2656 sacrumque
1049 2572 1164 2656 caput
1193 2577 1283 2630 cum
1313 2548 1475 2631 nomine
1504 2551 1650 2631 sumit?

227 2682 294 2766 Sil.
398 2673 598 2785 qaudivi,
628 2698 670 2757 ut
698 2675 896 2783 quondam
927 2704 1021 2782 puer
1050 2675 1227 2782 hispidus
1257 2674 1321 2758 ille
1351 2676 1508 2758 nitentis
1694 2702 1720 2753 a

439 2803 551 2885 Lavit
579 2802 812 2910 Apol-lineos
841 2802 887 2883 ad
917 2804 1041 2909 ripam
1070 2804 1237 2909 gurgitis
1266 2826 1382 2885 artus.

439 2926 584 3010 Felices
613 2927 762 3035 limphe
791 2956 865 3036 que
894 2956 1036 3035 corpus
1065 2950 1222 3035 tangere
1251 2930 1347 3011 tanti

440 3054 690 3136 Promeruere
719 3052 801 3136 dei!
832 3054 1004 3150 fluvius,
1035 3055 1068 3137 si
1098 3083 1185 3136 vera
1215 3054 1442 3161 loquuntur,

441 3180 512 3262 Per
540 3181 713 3262 cinerum
743 3208 902 3288 campos
933 3179 1134 3263 ultricibus
1164 3180 1299 3263 incidit
1328 3179 1454 3263 undis.

227 3312 306 3395 Mo.
398 3308 557 3415 ([Hunc
586 3307 716 3413 igitur,
746 3305 848 3389 dulci
878 3305 1114 3390 mulcentem
1144 3308 1268 3390 sidera
1297 3327 1425 3401 cantu,

441 3431 511 3516 Illa
538 3433 627 3515 tulit
656 3432 785 3526 tellus;
816 3433 903 3515 licet
931 3435 1136 3541 experiare,
1168 3433 1325 3516 iuvabit.

227 3563 295 3647 Sil.
399 3559 501 3668 110!
531 3586 605 3666 ego
635 3561 728 3641 nori
757 3559 973 3642 hominem.
1004 3560 1119 3643 Cives
1148 3580 1184 3642 et
1214 3561 1342 3641 menia
1371 3588 1486 3667 parve

441 3685 539 3793 Sepe
562 3686 793 3789 Jerosolime
822 3707 1025 3780 memorat,
1056 3713 1125 3768 nec
1153 3686 1313 3768 vertitur
1341 3684 1450 3778 inde;

441 3811 602 3919 Semper
630 3810 742 3894 habet
772 3812 947 3895 lacrimas
976 3836 1012 3895 et
1043 3835 1194 3919 pectore
1224 3839 1361 3894 raucus
1390 3809 1526 3892 anelat.

442 3938 494 4020 Hi
525 3939 691 4023 Romam
722 3938 963 4045 Troiamque
992 3961 1135 4021 canunt
1164 3960 1199 4021 et
1230 3938 1348 4045 prelia
1378 3966 1527 4042 regum,
1696 3975 1722 4014 a

443 4062 553 4161 Quid
582 4062 695 4146 dolor
723 4083 758 4146 et
787 4065 879 4171 quid
909 4094 1020 4147 arnor
1048 4068 1186 4173 possit,
1216 4064 1357 4172 quidve
1388 4065 1556 4170 impetus
1588 4064 1665 4179 ite,-

443 4189 527 4287 Qui
556 4187 696 4272 fluctus
725 4211 939 4298 centosque
969 4214 1085 4296 regat,
1115 4194 1182 4299 qui
1211 4192 1371 4299 spiritus
1401 4210 1523 4276 astra:

443 4319 608 4399 Necnon
637 4336 673 4397 et
702 4316 863 4423 triplicis
893 4318 1053 4399 sortitos
1083 4320 1244 4399 numina
1276 4319 1382 4421 regni

444 4443 667 4550 Expingunt
697 4443 873 4532 totidem,
903 4446 1006 4525 caria
1035 4444 1101 4526 sed
1133 4445 1314 4546 inmgine,
1346 4441 1497 4531 fratres;

513 4738 545 4789 V.
567 4747 617 4804 52:
637 4746 724 4788 natura
744 4765 751 4776 ·
772 4737 803 4787 Υ.
826 4738 876 4801 36:
898 4737 1053 4803 reliquorum
1072 4767 1080 4777 ·
1102 4739 1133 4794 l'.
1155 4749 1204 4804 75:
1226 4738 1376 4806 troiamque.
