4125 5217
180 691 265 730 int-p

835 412 867 462 ll.
889 413 1077 464 tucocrcutt
1101 416 1232 466 caremus
1610 419 1675 489 279

473 679 504 734 ta
531 680 648 735 rtatim.-
675 675 744 757 quia
771 695 788 736 a
816 675 940 757 pueritia
968 696 1020 737 sua
1045 690 1131 739 autor
1156 678 1187 740 in
1214 680 1295 741 curia
1324 700 1376 740 sua
1402 678 1505 743 luerat.
1527 715 1547 729 -
1568 700 1675 765 agnos:

396 770 536 835 beneficia
557 771 609 835 tibi
630 771 736 835 collata
750 775 923 856 operatione
944 795 1019 836 mea.
1033 809 1053 822 -
1066 796 1195 861 gregem:
1215 775 1358 840 santiliam
1380 792 1463 840 tuam
1478 778 1645 861 gubernari.
1658 815 1678 829 ·

395 871 498 935 letior:
518 872 597 956 quia,
618 892 687 936 cum
708 892 772 934 eras
793 874 1001 949 immiseras
1024 874 1178 959 benignus,
1204 897 1282 940 nunc
1303 892 1403 940 autem
1424 879 1575 963 querulus.

474 971 580 1034 vallis:
600 972 651 1056 qui
671 972 701 1033 in
723 970 800 1034 valle
820 972 919 1036 clausa
946 974 1062 1035 stetisti.
1083 1008 1103 1022 ·
1129 974 1264 1037 Vellera:
1291 992 1398 1039 vestes.
1419 1011 1439 1025 ·
1459 980 1616 1061 gramitra:
1642 981 1678 1042 ad

395 1072 508 1135 curiam
529 1087 622 1147 ruant,
643 1071 692 1134 ubi
713 1074 794 1135 stetit
816 1092 868 1156 per
889 1093 949 1136 xxx
970 1092 1073 1135 annos.
1095 1108 1115 1122 -
1135 1074 1271 1137 dantum:
1301 1076 1424 1139 ltaliam.
1446 1112 1466 1124 -
1487 1079 1583 1141 triste:
1606 1079 1681 1143 idest

395 1172 542 1234 tristitiam
563 1170 709 1249 inlerens;
729 1173 816 1244 triste,
840 1187 871 1235 ut
893 1171 1037 1257 Virgilius
1057 1175 1116 1237 ait:
1144 1177 1228 1238 triste
1249 1174 1337 1260 lupus
1357 1175 1489 1240 stabulis.
1510 1213 1531 1226 -
1548 1186 1680 1265 pasqua.-

397 1270 453 1334 alia
475 1270 539 1335 loca
561 1287 591 1334 et
612 1273 746 1355 regiones
767 1270 782 1354 (
803 1272 828 1356 ).

478 1372 578 1455 Aspice
592 1371 742 1456 segalare:
763 1370 811 1434 hic
826 1393 911 1434 mons
932 1388 975 1436 est
989 1374 1026 1436 de
1040 1394 1100 1459 quo
1114 1388 1201 1437 autor
1214 1376 1397 1438 mentionem
1418 1376 1497 1453 lacit,
1514 1398 1566 1441 seu
1587 1382 1683 1463 Apen-

399 1472 495 1548 ninus,
515 1470 611 1534 dictus
624 1504 635 1518 ·
648 1485 682 1533 ut
702 1470 821 1555 quidam
842 1471 969 1535 dicunt·
983 1471 1019 1535 ab
1038 1472 1162 1557 Alpibus
1183 1490 1213 1537 et
1235 1494 1311 1559 peno
1333 1475 1499 1552 hannibale,
1513 1479 1564 1561 qui
1584 1479 1681 1561 ipsum

373 1630 376 1637 ,
400 1587 533 1637 montem
554 1572 689 1655 pervium
709 1570 779 1637 lecit
796 1574 868 1657 igne
889 1588 918 1636 et
932 1588 1026 1639 aceto.
1049 1577 1136 1644 Mons
1157 1575 1206 1638 liic
1228 1577 1332 1659 ingens
1347 1592 1401 1650 cst,
1415 1579 1466 1660 qui
1487 1598 1608 1639 omnem
1630 1580 1683 1641 lta·

401 1670 471 1734 liam
491 1673 521 1733 in
541 1685 638 1755 partes
658 1672 732 1734 duas
752 1687 877 1757 separat,
891 1694 907 1734 a
922 1672 1031 1736 dextris
1053 1673 1179 1737 inferum
1192 1690 1329 1759 spectans
1351 1696 1472 1752 marea
1494 1678 1617 1740 sinistris
1637 1698 1683 1741 su·

401 1791 503 1855 perum
524 1805 544 1820 ·
564 1772 594 1833 in
614 1771 742 1834 siculum
763 1793 857 1857 usque
878 1774 1064 1856 progreditur
1084 1773 1202 1838 lretum.
1225 1775 1280 1838 Vel
1305 1791 1392 1838 autor
1412 1776 1550 1860 intelligit
1570 1777 1608 1839 de
1628 1780 1685 1841 Ge·

402 1870 495 1933 benna
516 1886 618 1933 monte
638 1870 734 1934 Gallie
754 1873 832 1934 inter
852 1876 1007 1936 Arretinos
1028 1888 1057 1937 et
1078 1874 1193 1938 ltelsios
1214 1876 1329 1938 medius
1350 1891 1380 1938 et
1401 1877 1430 1939 in
1452 1898 1488 1939 eo
1502 1879 1615 1941 Civitas
1634 1897 1685 1961 po

401 1972 457 2035 sita
477 1970 525 2035 cui
547 1991 642 2054 genna
664 1991 772 2034 nomen
800 1988 854 2035 est.
881 1971 917 2034 de
945 1972 1002 2037 hoc
1031 1989 1133 2037 monte
1158 1989 1245 2037 autor
1271 1976 1302 2038 in
1329 1976 1456 2060 quadam
1478 1978 1541 2040 eius
1561 1976 1685 2061 epistula

401 2074 525 2135 metrica
544 2070 582 2134 de
602 2073 697 2135 reditu
717 2092 772 2134 suo
793 2093 810 2134 a
831 2071 934 2157 Gallys
956 2073 992 2135 ad
1014 2073 1128 2137 ltaliam
1150 2075 1239 2152 edita,
1260 2096 1319 2160 que
1340 2077 1461 2159 incipite
1484 2075 1685 2141 «Salaecam

401 2171 468 2247 deo,
489 2170 575 2235 tellus
595 2173 789 2248 sanctissima,
810 2171 917 2234 salte»
941 2189 996 2236 etc.
1012 2177 1195 2237 mentionem
1209 2175 1289 2252 lacit,
1304 2176 1376 2239 dum
1392 2174 1507 2238 ltaliam
1521 2175 1631 2253 laudat,
1643 2177 1686 2240 di·

403 2291 492 2335 cens:
516 2276 586 2337 «Te
607 2272 683 2336 letus
697 2271 734 2334 ab
748 2272 808 2335 alto
825 2272 939 2336 ltaliam
954 2275 1040 2336 video
1054 2273 1215 2337 frondentis
1234 2274 1311 2338 colle
1326 2275 1504 2338 Gebenne».
1519 2309 1539 2323 -
1552 2278 1686 2360 experio:

403 2372 510 2437 italico.
532 2409 552 2421 -
570 2381 692 2458 pastor:
711 2371 860 2436 hannibal.
881 2409 901 2421 -
923 2374 1104 2459 pastoribus:
1134 2378 1263 2438 romanis
1290 2375 1481 2460 principibus.
1511 2412 1532 2424 ·
1560 2375 1682 2439 Gillias.

403 2473 541 2538 dominus
562 2478 625 2538 Azo
646 2474 682 2536 de
701 2475 821 2559 Corigia
842 2474 857 2558 (
878 2474 903 2559 ).

403 2886 452 2938 pro
469 2869 586 2922 libertate
603 2869 720 2920 habenda
737 2878 764 2921 et
783 2868 875 2920 virtute
894 2870 1050 2937 hoperanda.
1069 2870 1101 2921 Et
1120 2869 1204 2938 primo
1229 2870 1400 2922 introducitur
1424 2870 1581 2923 Ganimedes
1606 2870 1688 2923 incre-

404 2961 490 3029 pando
508 2960 633 3012 Amielam
651 2961 684 3012 de
700 2977 747 3012 suo
766 2977 867 3013 recessu
880 2962 991 3028 petendo
1002 2978 1113 3013 eausam
1126 2961 1229 3013 Tttalus
1240 2962 1351 3030 eglogae
1367 2972 1406 3014 est
1428 2961 1620 3024 «disortium»,
1635 2963 1689 3014 sive

404 3050 561 3119 dissidium.⁴

475 3136 517 3215 [L]
539 3141 647 3193 Gillias:
666 3140 747 3193 Gilias
766 3141 942 3210 agrigentinus
962 3141 1008 3194 luit
1026 3142 1105 3194 homo
1123 3143 1232 3195 maltum
1252 3142 1373 3194 liberalis.
1396 3153 1459 3211 puto
1477 3144 1547 3210 qnod
1566 3143 1691 3211 fingenter

404 3232 454 3286 late
472 3232 552 3285 sensit
569 3234 603 3285 de
619 3233 730 3302 quodam
748 3231 848 3285 liberali
866 3232 971 3285 homine
990 3242 1104 3301 tempore
1123 3251 1179 3295 suo,
1202 3233 1267 3286 forte
1291 3233 1373 3285 sensit
1398 3234 1431 3286 de
1453 3234 1560 3286 domino
1586 3235 1691 3285 Nieeola

405 3325 439 3377 de
455 3323 586 3376 aeciarolia
605 3325 638 3375 de
656 3322 773 3375 florentia
792 3324 837 3390 qui
861 3325 937 3375 valde
960 3327 1062 3376 amabat
1087 3325 1221 3376 dominnm
1245 3324 1398 3377 franciscam
1422 3335 1572 3393 petraream.
1590 3325 1623 3375 de
1641 3324 1691 3377 isto

406 3414 567 3483 agrigentino
585 3414 662 3466 Gillia
681 3415 759 3465 habes
779 3415 874 3481 Valerij
894 3414 960 3466 libro
978 3426 1070 3482 quarto
1088 3433 1143 3483 eap.
1163 3415 1254 3468 ultimo
1276 3415 1307 3466 dc
1331 3416 1489 3466 liberalitate.
1507 3415 1557 3465 -E
1582 3415 1648 3466 forse
1667 3415 1692 3466 la

325 3546 328 3552 .
406 3516 488 3558 atessa
510 3505 650 3557 manache
669 3505 761 3557 scrisse
779 3505 803 3557 la
823 3516 883 3557 nota
908 3507 1060 3573 precedente
1084 3506 1210 3574 aggiunse
1234 3524 1283 3558 eon
1308 3506 1412 3557 diverso
1435 3505 1590 3557 inchiostro:
1617 3504 1691 3556 Alius

406 3596 478 3659 dicit,
495 3605 521 3648 et
539 3597 603 3649 torte
622 3596 722 3657 melius,
740 3597 811 3664 quod
829 3595 921 3648 Gillias
935 3596 1057 3664 accipitur
1069 3614 1116 3664 pro
1128 3596 1231 3648 comuni
1251 3596 1306 3648 lior.
1319 3597 1389 3664 quod
1401 3595 1506 3647 liberale
1519 3605 1557 3647 est
1570 3607 1595 3647 et
1607 3595 1691 3664 ipsunt

406 3698 508 3758 poetam
527 3686 662 3739 revocavit.

478 3780 517 3844 (t)
536 3773 591 3851 [Cr]
608 3779 701 3829 vallr's:
721 3786 858 3829 mantuane
877 3777 904 3828 in
923 3795 973 3845 qua
991 3787 1065 3829 autor
1083 3778 1194 3829 habebat
1212 3776 1370 3829 benefitium.
1390 3805 1398 3815 ·
1413 3777 1521 3843 pondu
1539 3787 1644 3844 propter
1655 3775 1693 3826 in·

407 3869 542 3923 lectionem
560 3870 635 3931 aeris,
653 3870 693 3922 rel
711 3869 772 3937 quia
792 3869 865 3920 multi
883 3869 984 3920 luerunt
996 3869 1097 3920 mortui
1115 3869 1185 3937 apud
1204 3868 1369 3920 Arinionem.
1390 3897 1399 3907 ·
1417 3868 1544 3933 suspiria:
1569 3866 1630 3934 quia
1647 3883 1691 3918 an·

408 3960 501 4013 ltelitna
520 3960 652 4012 hominum
672 3959 758 4011 iniecit
777 3976 826 4010 me.
847 3989 856 3998 ·
872 3962 1009 4024 grrrnn'nn:
1029 3959 1134 4010 curiam.
1154 3988 1163 3998 ·
1184 3961 1261 4009 lacte:
1281 3957 1402 4010 benefitii.
1421 3986 1430 3996 -
1448 3958 1515 4008 edis:
1535 3956 1602 4007 tiliis.

479 4053 518 4115 (2)
538 4048 591 4124 [Cr]
610 4060 727 4102 ventum:
747 4050 966 4117 ingratitudinem.
984 4078 994 4089 -
1011 4059 1133 4102 nrorrtem:
1153 4050 1294 4117 Apennini.
1312 4078 1322 4088 -
1340 4049 1411 4099 tenda
1433 4051 1578 4116 quatenns:
1599 4048 1628 4097 ln
1649 4048 1694 4097 ,tt-

408 4141 484 4211 pibua
502 4142 597 4193 mentis
615 4142 736 4209 apennini
756 4142 823 4194 inter
843 4141 951 4202 ltaliam,
971 4142 1135 4192 Germaniam
1154 4152 1179 4193 et
1198 4141 1310 4192 Galliam
1328 4149 1438 4207 quatuor
1457 4139 1571 4191 maxima
1589 4138 1694 4188 flumina

406 4232 534 4284 oriuntur.
551 4249 601 4300 qne
620 4232 646 4283 in
665 4245 774 4300 quattor
792 4233 893 4284 diversa
912 4232 990 4283 maria
1009 4233 1186 4300 prolabuntur,
1205 4249 1251 4283 seu
1271 4232 1373 4283 flumem
1387 4229 1488 4281 Radani
1500 4229 1545 4296 qui
1558 4228 1635 4279 currit
1649 4245 1694 4295 per

408 4322 519 4374 Galliam
538 4322 684 4375 ulteriorem
703 4323 730 4373 in
749 4340 819 4374 rnare
838 4323 920 4373 leonis
943 4339 1022 4389 prope
1049 4321 1190 4373 Massiliam
1214 4321 1242 4372 in
1267 4319 1412 4389 provintiae
1431 4320 1554 4370 Rodanus
1579 4317 1623 4384 qui
1649 4334 1694 4383 per

409 4412 574 4465 Germaniam
592 4413 618 4464 in
638 4413 768 4465 Oceanum
787 4430 867 4480 prope
886 4412 1013 4463 civitatem
1032 4414 1156 4479 brugrurn
1177 4412 1285 4471 deiluite
1308 4410 1406 4471 llister,
1424 4410 1478 4460 site
1496 4407 1632 4463 danubius.
1650 4406 1694 4473 qui

408 4520 455 4570 per
473 4503 636 4555 Germaniam
656 4513 681 4554 et
700 4504 856 4571 pannoniam
877 4504 903 4552 in
924 4520 992 4553 mare
1012 4520 1133 4570 magnum
1153 4502 1207 4554 aive
1228 4518 1374 4553 maurorum
1394 4500 1472 4550 intrat
1484 4499 1571 4566 adpud
1585 4497 1694 4547 insulam

409 4594 500 4663 ponti;
518 4595 551 4646 Et
569 4596 650 4662 paclus
668 4595 713 4663 qui
732 4612 763 4647 ex
783 4596 913 4645 montibus
932 4595 1052 4662 predictis
1073 4612 1117 4661 per
1137 4595 1246 4645 Galliam
1266 4592 1416 4660 cisalpinam
1434 4591 1460 4642 in
1474 4591 1622 4643 adriaticum
1642 4589 1696 4640 sit-e

409 4703 479 4738 mare
498 4686 662 4737 venetiarum
681 4685 759 4737 intrat
779 4703 824 4753 per
843 4687 926 4754 hostia
946 4697 1052 4753 septem.
1077 4714 1085 4724 ·
1108 4694 1207 4752 pastor:
1234 4684 1338 4735 Anibal
1365 4712 1374 4722 ·
1396 4683 1554 4751 pasteribus:
1582 4679 1696 4731 romanis

408 4776 564 4830 ennanlibns.
583 4804 593 4817 ·
609 4777 711 4829 ducem:
731 4779 787 4830 Ano
804 4778 837 4829 de
855 4777 973 4847 corrigia.
993 4806 1002 4816 ·
1021 4779 1100 4828 viole:
1119 4776 1237 4829 homines
1257 4775 1350 4828 lloridi.
1370 4803 1379 4815 ·
1400 4775 1498 4826 Ritnaa
1518 4774 1613 4824 Arnas.
