4125 5217
833 386 865 436 ll.
886 388 1075 441 nucottcun
1098 392 1228 443 metten
1316 354 1318 357 Ι
1608 396 1671 469 253

389 516 1674 544 Ἣ

324 660 330 674 ·
390 647 460 730 quia
481 649 575 712 Roma
596 647 626 710 in
647 649 784 732 opposito
812 665 857 713 est
886 652 1048 736 Kartagini.
1069 688 1089 701 -
1112 654 1221 718 Caret.-
1241 656 1311 739 quia
1339 654 1376 718 cie
1403 676 1450 732 eo,
1478 655 1548 722 licet
1572 659 1675 722 licius

391 746 532 810 historice
552 749 677 832 scripsit,
691 751 841 812 neminem
863 753 1004 815 cecinisse
1018 756 1170 838 comperio
1182 778 1190 831 ;
1205 756 1241 818 de
1255 778 1295 819 eo
1306 757 1435 820 scribere
1449 757 1528 821 volo.
1542 794 1562 807 -
1571 759 1675 845 sainct.-

391 848 547 931 Scipionis.
569 882 589 895 -
608 869 709 911 sacro:
731 852 859 934 poetico.
886 886 906 900 -
935 852 1071 937 Orphea:
1100 854 1237 918 humiliat
1266 878 1299 919 se
1326 856 1447 933 Silvius,
1467 860 1567 921 dicens
1595 861 1675 945 quod

392 948 485 1011 virtus
513 948 659 1032 Scipionis
689 967 734 1013 est
762 965 843 1014 tenta
870 952 950 1035 quod
979 956 1190 1036 promeruisset
1218 955 1377 1040 Orpheum
1404 979 1525 1021 suarum
1555 959 1675 1024 laudum

392 1045 530 1110 habuisse
558 1068 726 1132 preconem.
753 1086 772 1098 -
798 1053 1008 1135 promeritum:
1035 1054 1202 1137 Scipionem
1231 1055 1437 1120 excellentem.
1465 1090 1487 1105 -
1511 1060 1581 1125 vie:
1607 1080 1677 1123 ma·

393 1149 466 1211 terie
486 1147 501 1230 (
522 1149 547 1231 ).

920 1448 1071 1544 [Eunoen
1095 1451 1149 1547 11.]

476 1816 539 1877 Hec
562 1827 606 1875 est
626 1815 753 1877 secunda
776 1812 882 1898 egloga
904 1836 962 1899 que
983 1830 1108 1879 uocetur
1123 1819 1271 1902 «Argus»
1289 1818 1319 1881 in
1333 1837 1392 1902 qua
1406 1834 1558 1902 ponuntur
1578 1819 1678 1883 laudes

396 1912 489 1978 incliti
512 1911 633 1979 Roberti
657 1916 744 1997 Regis
773 1912 930 1977 Ierusalem
960 1930 988 1977 ct
1016 1915 1126 1993 Sicilie,
1148 1931 1178 1978 et
1204 1915 1323 2002 querela
1345 1916 1382 1979 de
1403 1935 1500 1980 utone
1521 1921 1593 1981 cius.
1614 1922 1678 1995 Qui

396 2016 495 2097 Argus
516 2012 564 2075 hic
587 2028 711 2075 vocatur
737 2014 773 2074 ad
802 2011 853 2076 illo
882 2017 964 2097 Argo
985 2030 1106 2077 centum
1132 2014 1285 2079 luminilus
1306 2017 1458 2100 insignito,
1479 2018 1516 2079 de
1536 2039 1596 2104 quo
1616 2022 1680 2102 agit

397 2112 525 2180 Ovidius
547 2114 643 2197 primo
665 2112 757 2177 Meth.
781 2115 1012 2178 introducuntur
1032 2130 1133 2178 autem
1154 2131 1213 2178 tres
1234 2131 1378 2200 pastores,
1406 2138 1458 2179 seu
1487 2117 1583 2194 Idem,
1604 2118 1679 2203 Phy-

397 2211 483 2300 thyes
504 2228 534 2276 et
555 2211 674 2278 Silvius.
697 2214 781 2277 ldeus
803 2214 887 2277 miles
902 2216 1021 2301 quidam
1045 2218 1133 2300 Regis
1148 2216 1288 2280 Robcrti:
1310 2216 1454 2280 lohannes
1470 2218 1573 2280 Barilis
1595 2219 1679 2281 ldeus

397 2312 434 2377 ab
455 2313 505 2377 lda
527 2328 629 2378 monte
650 2315 793 2391 Cretensi,
816 2315 894 2378 unde
915 2316 1055 2378 oriundus
1076 2316 1140 2379 fuit.
1163 2318 1293 2403 Phytyns
1315 2318 1407 2400 ipsius
1429 2319 1517 2401 Regis
1539 2317 1680 2381 cancella·

398 2413 468 2491 rius,
489 2433 541 2476 seu
564 2412 705 2477 Barbatus
726 2415 933 2479 sulmonensis.
955 2416 1002 2479 hic
1025 2415 1142 2502 phytias
1163 2417 1259 2481 dictus
1281 2440 1298 2480 a
1320 2417 1422 2502 phyris
1437 2416 1531 2479 siculo
1551 2418 1599 2500 (de
1619 2438 1680 2502 quo

398 2512 535 2577 Valerius
563 2513 638 2576 libro
667 2515 706 2598 urj
735 2517 797 2600 agit
824 2537 888 2600 cap.
910 2517 947 2579 de
974 2517 1133 2599 Amicitia)
1154 2520 1296 2580 Damonis
1324 2519 1416 2580 socio.
1442 2515 1551 2580 Silvius
1579 2534 1679 2581 autem

396 2614 460 2699 ipse
481 2614 638 2679 Petrarchu
660 2631 713 2691 est,
736 2616 853 2700 dequo
874 2618 903 2678 in
925 2617 1092 2700 precedenti
1114 2617 1220 2703 egloga
1242 2619 1256 2702 (
1278 2618 1303 2702 ).

469 2940 508 3005 (1)
527 2932 581 3011 [Cr]
596 2938 734 3005 poliseme:
752 2955 768 2990 o
787 2938 900 2999 Anibnl;
918 2939 1040 3007 Appellat
1058 2939 1204 2990 henibelem
1225 2938 1384 3006 polilemum,
1402 2956 1462 2989 mm
1484 2937 1619 3007 polilemus
1638 2938 1681 2988 ha·

396 3029 473 3083 hebet
492 3045 571 3081 unum
591 3029 691 3082 oculum
711 3039 736 3082 et
755 3029 792 3081 sic
809 3030 913 3080 Anibnl.
933 3038 958 3081 et
977 3029 1039 3081 dicit
1059 3029 1146 3081 florius
1159 3047 1190 3082 ex
1202 3029 1269 3081 libro
1282 3030 1338 3095 xxti
1352 3028 1392 3080 titi
1405 3029 1476 3097 livij:
1498 3028 1623 3079 «hsnihal
1637 3045 1682 3095 per

309 3170 311 3173 .
378 3120 535 3173 ‚mutinam
550 3121 874 3189 .vigilies.in..pnludibus‚
893 3122 967 3173 oculo
992 3120 1115 3182 admisso,
1134 3120 1161 3170 in
1186 3120 1315 3171 Etrosinm
1326 3120 1410 3171 —renit
1428 3136 1562 3187 per-quse
1575 3120 1682 3186 paludes

396 3210 532 3280 qnedrlvio
549 3220 575 3262 et
593 3212 674 3262 tribus
693 3211 811 3263 noctibus
830 3212 886 3262 sine
905 3211 957 3262 ulle
976 3212 1064 3278 requie
1083 3211 1131 3263 iter
1149 3210 1367 3263 &itm-silvis:
1385 3210 1539 3262 civitatibus.
1558 3239 1568 3249 ·
1585 3214 1682 3261 leones:

397 3300 516 3354 berones.
534 3328 544 3341 ·
561 3305 664 3353 lustra:
683 3319 770 3354 naves.
795 3330 805 3341 ·
823 3304 943 3368 preneia:
967 3302 1118 3353 cerminn.·
1141 3304 1202 3352 vie:
1228 3300 1336 3362 mnndi;
1360 3300 1435 3368 qussi
1460 3301 1545 3353 diocte
1570 3318 1630 3352 ens-e
1650 3318 1682 3351 ne

398 3400 497 3444 mutem
516 3392 624 3444 eleveris
642 3410 689 3461 per
706 3393 799 3444 lumem
819 3394 975 3444 mundanam
994 3402 1021 3444 ut
1040 3394 1133 3459 perdes
1151 3392 1229 3444 vitem
1248 3400 1373 3444 eternam.

469 3486 509 3551 (2)
522 3478 576 3557 [Cr]
590 3483 667 3536 Istius
686 3485 797 3536 secunde
815 3485 914 3551 Egloge
932 3484 1021 3535 titulus
1034 3495 1073 3535 est
1089 3487 1219 3551 «Argus»
1235 3483 1330 3550 inque
1342 3493 1474 3551 ponuntur
1489 3483 1578 3534 lendes
1598 3481 1682 3533 incliti

397 3573 477 3643 Regis
487 3574 595 3627 Roberti
607 3575 719 3627 Sciscilie
732 3584 757 3626 et
769 3575 911 3641 Jerusalem
925 3574 1003 3642 Regis
1016 3586 1042 3626 et
1054 3574 1131 3626 etiem
1144 3574 1305 3642 querimonia
1318 3574 1350 3624 de
1363 3584 1445 3625 morte
1458 3572 1522 3634 eins;
1535 3590 1594 3625 nern
1607 3584 1683 3641 poeta

397 3665 470 3718 illntn
488 3675 562 3717 vocat
580 3667 680 3733 Argum
698 3683 713 3716 n
731 3675 834 3733 pastore
853 3666 960 3717 lunonis
978 3668 1051 3733 Argo
1068 3675 1171 3717 centurn
1190 3664 1330 3716 luminibus
1349 3663 1482 3731 insignito,
1500 3665 1532 3715 de
1550 3681 1603 3731 qno
1621 3662 1681 3714 On·-

397 3756 456 3809 tlins
474 3753 507 3809 l.⁰
519 3772 546 3824 p.
559 3756 689 3824 eleganter
706 3756 844 3808 introducit
862 3755 983 3807 fabulam.
1003 3756 1176 3807 introducitur
1194 3754 1369 3823 principaliter
1388 3771 1454 3805 unus
1472 3765 1559 3822 peston
1579 3755 1683 3806 nomine

397 3844 486 3918 [dens.
503 3849 577 3901 miles
595 3847 700 3916 quidem
719 3846 803 3915 Ipsius
821 3846 919 3897 domini
937 3846 1016 3913 Regis
1037 3846 1152 3908 Roberti,
1170 3846 1253 3898 dictus
1275 3846 1312 3897 sic
1329 3846 1363 3895 nb
1383 3845 1429 3897 lde
1448 3845 1512 3897 silua
1531 3855 1637 3911 troyane
1656 3844 1683 3895 in

397 3954 450 4008 qen
468 3938 696 4006 sepientesibnnt,
715 3945 741 3989 et
759 3937 836 3988 etiem
855 3936 916 4003 quie
934 3935 971 3986 ibi
990 3934 1059 4003 paris
1078 3935 1125 3987 nit
1143 3934 1255 3987 nutritus
1274 3944 1299 3986 et
1319 3934 1355 3986 ibi
1374 3935 1430 4002 ipse
1448 3935 1518 4003 paris
1543 3934 1683 4002 parificavit

397 4036 523 4097 putores.
542 4029 576 4080 Et
594 4028 631 4080 sie
648 4030 810 4081 commendet
828 4027 925 4079 dietum
945 4028 1038 4093 ydeum
1056 4027 1089 4077 de
1108 4025 1233 4093 snpientia
1252 4036 1278 4077 et
1297 4025 1410 4085 iustitiae
1424 4035 1448 4077 et
1462 4035 1565 4077 vocatus
1580 4025 1627 4076 luit
1646 4024 1684 4076 lo

397 4119 497 4172 henne!
513 4117 616 4180 Betilis,
628 4135 736 4186 maganus
754 4117 925 4170 Siniseelehus
945 4118 1023 4183 Regis
1043 4117 1159 4178 Roberh,
1179 4116 1358 4184 neapolitanus
1378 4115 1460 4167 miles.
1474 4115 1526 4166 Iste
1539 4116 1619 4181 ydeus
1638 4131 1684 4182 per

398 4216 480 4262 tot'ern
496 4209 622 4278 Eglogenr
641 4208 754 4277 loquitur
772 4208 958 4260 introducendo
975 4207 1041 4258 elios
1059 4217 1185 4274 pastores.
1204 4218 1276 4258 anter
1292 4222 1358 4274 quos
1377 4189 1558 4273 principaliter*
1571 4204 1684 4255 introdu-

398 4300 434 4354 eit
451 4299 566 4369 phytiam
585 4307 611 4351 et
629 4299 755 4360 Silvium
773 4315 820 4366 per
838 4298 953 4365 phytiam
973 4298 1093 4364 intelligit
1113 4314 1235 4364 magnum
1254 4296 1335 4363 ipsius
1355 4295 1423 4362 regis
1441 4295 1620 4346 cancellarium
1640 4311 1685 4345 no-

398 4390 469 4443 mine
486 4390 626 4441 Borbetttrn
643 4389 677 4442 ‹le
694 4388 826 4450 Sulmone,
844 4388 889 4456 qui
907 4388 966 4440 ideo
988 4388 1072 4439 dietus
1091 4398 1130 4438 est
1148 4385 1243 4454 phitius
1261 4388 1296 4437 eb
1313 4385 1397 4437 emico
1414 4384 1532 4436 demonis
1554 4383 1632 4451 greci.
1651 4385 1684 4435 de

398 4495 451 4549 qno
470 4478 588 4531 Valerius
607 4478 674 4530 libro
692 4479 716 4528 V
734 4495 790 4546 eep.
809 4480 842 4529 de
866 4477 987 4529 amicitie.
1010 4493 1070 4528 nem
1096 4475 1268 4527 amicissimus
1287 4474 1335 4526 luit
1358 4474 1439 4540 Silvij,
1459 4474 1525 4525 idest
1550 4473 1683 4541 petrarche

398 4569 460 4623 ‹tteti
478 4569 546 4631 silvi,
565 4578 593 4622 nt
611 4587 688 4642 snpra
707 4569 734 4621 iu
752 4570 851 4637 Egloge
870 4569 1024 4637 precedenti.
1041 4568 1140 4618 -ldeus
1160 4566 1329 4619 introducitur
1347 4566 1380 4616 ed
1400 4566 1556 4632 loquendum
1574 4581 1684 4631 conque·

399 4678 459 4715 rens
477 4661 588 4729 qualiter
605 4678 649 4714 rex
668 4662 796 4714 Rohertus
815 4662 936 4727 vergebat
956 4676 983 4710 se
1001 4659 1035 4710 ed
1061 4658 1161 4709 senium
1187 4657 1361 4724 competendo
1386 4655 1471 4725 ipsum
1490 4657 1522 4706 ad
1542 4655 1631 4707 solem.
1651 4655 1684 4705 Et

333 4813 335 4817 ⁸
398 4761 439 4807 est
456 4753 597 4806 noandum
615 4739 695 4820 duod,
712 4768 771 4805 enm
789 4752 845 4802 Rex
863 4750 992 4802 Robertus
1011 4767 1058 4801 sne
1075 4759 1158 4801 morte
1176 4749 1293 4816 obijsset‚
1305 4747 1434 4799 lohennes
1446 4746 1519 4814 barilj
1533 4745 1606 4798 miles
1625 4761 1685 4797 nee·
