4125 5217
402 390 466 457 254
905 381 1056 432 amomo
1079 382 1186 431 sums

964 564 994 588 a

484 653 619 716 rlrrrerrs:
642 653 672 711 in
694 647 751 712 hoc
773 647 874 711 laudat
895 651 1019 710 virtutes
1048 662 1078 710 et
1106 645 1232 730 gloriam
1261 644 1380 710 liobertl
1405 648 1482 729 regis
1503 646 1588 709 cuius
1609 661 1691 708 tem-

404 772 475 837 pore
496 767 524 814 ct
545 771 635 834 opere
657 748 806 813 laureatus
828 748 883 811 luit
903 764 999 811 autor.
1024 752 1055 811 io
1076 747 1132 810 ltac
1155 748 1234 809 enim
1263 749 1300 810 Et
1328 747 1488 809 introducit
1511 746 1612 809 ldeum
1635 767 1691 829 pa-

404 870 514 915 storem
537 850 707 913 laudantem
729 851 825 933 primo
848 850 938 910 uitam
962 848 1093 919 Roberti,
1115 848 1246 930 secundo
1260 846 1388 910 ostendit
1402 846 1478 908 mala
1495 860 1561 930 post
1576 845 1691 906 obitum

404 953 561 1015 subsecuta
584 951 613 1012 in
636 953 760 1033 Regum
783 948 860 1011 unde
880 950 966 1011 dicit:
989 951 1048 1010 iam
1070 947 1113 1009 sol
1129 968 1235 1010 aureus
1250 947 1288 1009 ab
1302 946 1408 1009 ellectu
1425 946 1564 1008 tendebat
1585 945 1622 1006 ad
1644 963 1692 1006 nc·

404 1072 517 1115 casum.
539 1084 558 1097 -
581 1049 749 1131 Aiiegorice
765 1068 816 1131 per
829 1046 923 1110 solem
939 1046 1078 1129 inteiligit
1101 1051 1213 1129 Regem
1237 1046 1397 1111 liobertum
1412 1046 1463 1129 qui
1484 1044 1619 1107 claritate
1640 1063 1692 1103 sua

404 1171 508 1211 nomes
531 1170 615 1227 reges
634 1149 739 1229 ‚rrtrrodi
762 1146 933 1210 excellebat.
951 1150 1084 1209 Preterea
1107 1146 1151 1208 soi
1173 1146 1434 1210 excellentissimos
1455 1144 1592 1206 doctores
1614 1141 1693 1214 iacit,

406 1253 481 1313 sicut
505 1249 651 1313 Robertns
673 1249 728 1310 i'uit
750 1269 800 1310 res
822 1248 904 1308 omni
928 1268 1036 1330 genere
1057 1248 1246 1310 scientiarum
1268 1246 1374 1308 clarus.

486 1347 774 1434 Argus-,titubatus
797 1364 894 1431 poeta,
923 1347 1092 1431 theologus,
1114 1346 1264 1431 pltpsicus
1286 1344 1504 1428 astrologus·
1526 1359 1695 1408 strenarum:

407 1451 561 1511 civitatum
584 1466 613 1511 ct
637 1469 806 1530 regnorum.
828 1483 847 1495 -
869 1454 1021 1513 nrnrcniu:
1042 1446 1154 1531 populi.
1175 1482 1196 1494 -
1214 1454 1363 1531 puriores:
1385 1447 1522 1507 dominns
1544 1459 1573 1507 et
1594 1442 1692 1505 duces.

407 1584 425 1596 ·
446 1557 544 1615 serio:
565 1566 684 1632 propter
707 1550 845 1611 uictorias
874 1562 903 1610 et
931 1547 1013 1610 iesta.
1036 1584 1055 1595 -
1070 1547 1220 1633 frondeo:
1247 1569 1315 1609 nam
1337 1545 1490 1630 petrarclta
1520 1561 1584 1607 tum
1613 1563 1695 1606 coro·

408 1665 493 1716 natus
515 1649 568 1714 luit
593 1653 695 1715 liniue.
709 1646 907 1733 :pireluuus
920 1647 1093 1711 ttobeooo.
1115 1646 1270 1714 -fflrrrriress
1290 1668 1389 1709 mors..
1401 1645 1568 1710 snioriris:
1582 1658 1695 1707 tracta·

408 1748 485 1810 tibus
507 1763 535 1810 et
557 1748 824 1831 conspirationibus
846 1750 875 1809 in
897 1768 999 1810 necem
1024 1750 1111 1831 Regis
1134 1747 1251 1810 riodree
1271 1748 1354 1810 lactis
1375 1748 1391 1830 (
1411 1747 1436 1831 ).

488 1847 605 1912 Altior:
626 1846 823 1930 exemplificat
845 1849 1007 1908 masituum
1031 1847 1154 1920 tunium,
1176 1847 1310 1910 uidelicet
1332 1847 1369 1910 de
1390 1850 1471 1930 Rege
1493 1846 1609 1910 lindrea
1631 1847 1695 1905 siro

407 1948 507 2029 regine
530 1947 661 2009 initanne
691 1949 742 2030 qui
770 1948 885 2009 occisus
913 1946 967 2009 luit
996 1946 1082 2030 culpa
1113 1949 1222 2030 regine,
1250 1948 1280 2009 in
1308 1950 1392 2011 cuius
1421 1947 1565 2009 ultionem
1593 1959 1694 2029 postea

406 2048 487 2109 venit
516 2050 578 2111 lies
607 2049 749 2129 Ungarie.
778 2047 825 2110 iric
856 2068 903 2110 rex
934 2048 1065 2110 Andreas
1093 2047 1220 2111 muitum
1251 2048 1305 2111 luit
1332 2048 1457 2111 dilectus
1484 2044 1624 2122 liobertn,
1644 2044 1695 2107 sed

407 2150 510 2229 pa'rum
539 2145 658 2229 profuit.
688 2150 725 2209 Et
752 2148 782 2208 in
810 2145 894 2210 obitu
923 2167 978 2210 suo
1010 2146 1095 2210 multi
1118 2169 1253 2231 proceres
1282 2150 1440 2233 perierunt.
1462 2184 1482 2195 -
1510 2148 1695 2233 Cyparissus,

407 2260 440 2308 ut
461 2247 502 2307 ait
525 2248 685 2308 iiocaccius
708 2245 726 2308 ii
752 2266 785 2327 13
808 2268 895 2330 geue,
918 2245 994 2309 filius
1016 2246 1071 2310 iuit
1093 2246 1239 2331 Titeiepiri
1267 2248 1318 2332 iiiij
1346 2247 1490 2312 Herculis.
1513 2247 1603 2323 itunc,
1624 2246 1695 2309 dicit

406 2346 536 2420 Seruius,
559 2345 696 2408 Silvanus
717 2345 859 2408 silvarum
880 2346 953 2409 deus
974 2349 1095 2425 attinuit,
1116 2352 1177 2431 qui,
1198 2368 1267 2410 cum
1289 2348 1409 2411 baberet
1424 2348 1694 2410 mansuetissimam

406 2464 524 2508 cervam
547 2466 661 2530 cunque
681 2467 799 2509 summe
819 2446 965 2531 diligeret,
986 2447 1067 2510 iilam
1091 2448 1308 2511 inadt'erteoter
1328 2449 1464 2512 Silvanus
1486 2448 1605 2510 occidit.
1627 2468 1697 2531 qua·

407 2544 541 2607 mobrcm
570 2547 745 2629 Cyparissus
773 2567 889 2610 summe
908 2547 1011 2611 dolens
1033 2564 1169 2610 mortuus
1196 2564 1249 2610 est.
1276 2548 1412 2611 Silvanus
1440 2564 1540 2611 autem
1569 2569 1636 2609 eum
1665 2549 1695 2610 in

339 2648 341 2653 ’
405 2644 541 2707 arborem
556 2647 600 2706 sui
624 2648 753 2708 nominis
775 2648 893 2730 vertit(
914 2647 938 2729 ).

406 2853 543 2872 m<
565 2856 625 2872 ··*·.--
638 2857 664 2872 =⁴
676 2856 942 2874 “aetum-2²*-

404 3018 534 3086 poiitanus
553 3038 640 3087 egram
660 3021 756 3073 serebat
776 3022 898 3075 vitamet
918 3024 1027 3075 maxime
1046 3023 1107 3090 quia
1130 3024 1233 3076 videbat
1257 3024 1355 3092 Regem
1375 3032 1504 3075 mortuum
1530 3032 1556 3076 et
1575 3023 1694 3093 Regnum

404 3124 420 3159 a
440 3108 532 3160 vilibus
553 3115 687 3177 occupari,
706 3124 731 3163 et
750 3114 810 3179 quia
829 3116 949 3164 barbatus
975 3114 1055 3165 iverat
1074 3115 1224 3167 Sulmonem
1242 3125 1268 3167 et
1286 3116 1391 3177 Silvius,
1409 3116 1475 3166 idest
1493 3116 1636 3183 petrarcha,
1657 3135 1693 3170 re·

405 3214 496 3249 tersus
515 3210 569 3250 erat
589 3201 616 3251 in
637 3202 742 3252 russiam
762 3205 974 3269 conquerebatur.

477 3372 525 3450 [bi]
541 3379 632 3444 stitus.
653 3397 698 3430 seu
717 3380 846 3434 lohannes
865 3383 963 3454 barlile,
985 3402 1063 3451 quern
1083 3385 1170 3438 lovem
1189 3388 1325 3450 dicebant;
1343 3386 1401 3439 ideo
1425 3397 1500 3439 autor
1519 3389 1612 3457 ydettm
1632 3389 1694 3441 dicit

403 3468 437 3518 ab
456 3469 515 3533 yria,
534 3469 578 3519 ubi
597 3468 695 3537 iupiter
713 3472 781 3522 altus
800 3472 854 3523 luit.
873 3502 882 3512 ·
901 3472 953 3525 iste
972 3473 1097 3527 iohannes
1116 3479 1214 3539 barilis,
1232 3478 1269 3529 ibi
1287 3469 1442 3539 nominatus,
1455 3478 1502 3530 suit
1515 3480 1633 3547 egregius
1648 3480 1692 3530 rni-

403 3557 441 3609 les
460 3557 639 3625 neapolitanus
658 3572 683 3613 et
701 3563 851 3614 arelatensis
870 3564 998 3631 provintie
1023 3568 1184 3620 senescalcus
1204 3598 1214 3609 ·
1233 3568 1337 3637 phitias,
1356 3569 1421 3620 iriest
1445 3572 1567 3622 barbatus
1596 3570 1689 3621 sulnro·

404 3648 502 3709 nensis,
520 3648 565 3715 qui
585 3649 630 3701 luit
649 3653 748 3703 domini
767 3654 835 3720 regis
854 3655 949 3707 roberti
967 3658 1152 3710 Caneeiiarias.

475 3740 515 3803 (ti
533 3738 588 3810 [Cr]
605 3757 742 3792 occurram:
762 3743 837 3795 finem
864 3746 915 3797 vite
938 3763 984 3814 per
1009 3757 1180 3816 seneptutem.
1198 3778 1207 3789 ·
1224 3756 1363 3805 sntumtu:
1381 3750 1499 3801 homines
1526 3749 1618 3801 divites
1638 3766 1693 3802 non

403 3837 521 3880 curantes
541 3829 611 3881 luera
636 3844 741 3899 propter
759 3834 871 3886 divitias.
889 3863 899 3875 ·
920 3846 1052 3902 pastam:
1077 3840 1187 3891 barones
1212 3840 1292 3907 regni.
1311 3869 1321 3879 ·
1339 3842 1402 3891 lenis
1425 3856 1556 3890 roronem:
1574 3840 1625 3902 illi,
1645 3843 1695 3909 qn'r

362 3934 363 3937 ¹
403 3920 525 3971 tenebant
543 3936 591 3987 pro
611 3937 670 3988 rege
695 3931 779 3974 castra
804 3933 829 3975 et
854 3925 980 3989 civitates,
999 3945 1051 3980 non
1078 3930 1202 3981 timebant
1228 3939 1255 3981 ut
1277 3940 1462 3999 occuparentur
1479 3934 1513 3983 ab
1531 3932 1607 3998 aiijsg
1626 3948 1689 3983 narrt

402 4007 459 4076 ipse
478 4010 532 4060 Rex
552 4019 607 4061 erat
625 4012 741 4064 custodia
766 4014 891 4068 omniurn.
910 4045 919 4055 ·
938 4020 1028 4068 I'arr:
1052 4020 1127 4070 multi
1149 4030 1254 4089 propter
1272 4021 1426 4089 dignitatum
1445 4022 1579 4074 felicitates
1597 4039 1688 4090 oppor-

402 4099 471 4149 tebat
491 4100 637 4167 promoveri
655 4102 688 4153 ari
708 4103 813 4156 maiora.
832 4134 841 4145 ·
859 4108 949 4157 Pars:
967 4108 1022 4160 Rex
1042 4110 1172 4162 Robertus
1190 4128 1281 4164 ornnes
1306 4113 1434 4180 sepientes
1460 4112 1534 4165 italie
1552 4130 1689 4183 congrega·

402 4198 473 4239 verat
491 4205 572 4258 prope
591 4208 628 4243 se.
647 4222 656 4232 ·
674 4194 774 4244 letter:
801 4207 943 4263 magnates.
968 4227 977 4239 ·
999 4201 1150 4266 grandine:
1169 4203 1303 4255 seditione.
1322 4232 1331 4242 ·
1348 4211 1691 4258 ventus-*sussuranen-

402 4278 500 4330 inber:
518 4280 579 4332 rnaii
600 4283 731 4335 relatores.

472 4368 528 4440 [Cs]
546 4371 691 4441 dicitquod
711 4385 891 4441 postmortem
912 4378 990 4447 Regis
1004 4380 1110 4432 Roirerti
1130 4393 1217 4435 secute
1228 4383 1330 4435 luerunt
1349 4384 1375 4435 in
1396 4402 1476 4454 regno
1490 4386 1570 4437 multe
1583 4394 1691 4453 strages.

402 4458 554 4513 Interiectus
573 4463 620 4515 iuit
640 4464 695 4516 Rex
714 4466 834 4518 Andreas
853 4469 1046 4522 administrator
1064 4460 1133 4523 illias
1153 4474 1234 4540 regni.

473 4550 512 4621 (2)
522 4548 577 4626 [Cr]
589 4556 700 4607 ethereo:
714 4568 819 4624 propter
831 4559 950 4611 celestem
963 4560 1168 4628 dispositionem.
1181 4592 1191 4603 ·
1202 4567 1291 4616 coires:
1305 4579 1445 4636 magnates.
1456 4599 1465 4609 ·
1475 4586 1540 4621 orna
1549 4586 1560 4619 .·
1572 4568 1690 4636 populos.

400 4668 410 4681 ·
427 4651 579 4708 cupressus:
591 4645 716 4697 Andreas
736 4663 789 4706 rer,
808 4647 916 4700 dilectus
939 4667 954 4700 a
981 4652 1052 4718 Rege
1078 4654 1193 4706 Roberto
1218 4656 1283 4707 sieut
1306 4675 1443 4727 cupressus
1466 4676 1481 4711 a
1500 4660 1563 4712 soie.
1581 4689 1591 4699 ·
1609 4660 1686 4712 ideas

400 4730 472 4797 ponit
492 4743 600 4784 mortem
619 4734 723 4787 alterius
742 4737 832 4805 Regis,
851 4754 896 4789 seu
916 4739 995 4807 Regis
1020 4741 1126 4793 Andree
1151 4742 1237 4796 fratris
1263 4746 1373 4801 lodovici
1391 4748 1471 4817 Regia
1490 4748 1625 4816 Ungarie3
1645 4748 1687 4801 iric
