4125 5217
831 380 861 429 tt
884 382 1068 430 sucottcusr
1092 384 1221 430 erasis
1603 388 1659 457 ¹35

389 640 432 722 Et
462 668 617 722 mecum
646 643 836 722 mansisse
866 643 986 737 eules,
1017 643 1229 750 cupiesque
1260 646 1404 727 reverti.
1639 679 1665 717 n

183 771 258 851 tm.
344 766 455 871 {Nil
485 767 641 875 penitus
669 796 748 849 non
777 797 861 851 esse
891 790 1042 874 putest;
1074 768 1229 852 lurtuna
1257 771 1444 873 gubernat

387 893 463 978 Res
488 891 712 988 bominum,
742 893 842 977 valet
871 894 937 976 illa
966 896 1038 1002 piis
1067 895 1254 979 obsistere
1282 899 1415 1005 ceptis,

182 1061 228 1098 ,ιι
392 1018 461 1102 llla
488 1017 614 1103 lasere
641 1020 766 1102 malis.
798 1023 861 1115 At,
890 1023 923 1104 si
953 1024 1129 1129 presagia
1157 1025 1366 1131 quicquam

388 1148 532 1229 Nostra
560 1143 688 1228 lemnt
715 1150 819 1239 certi,
850 1148 945 1230 levis
972 1170 1028 1231 est
1057 1148 1105 1231 ad
1135 1151 1259 1257 prima
1288 1178 1462 1234 recursus

390 1273 594 1381 Principia.
625 1274 712 1355 Huc
740 1275 895 1379 genitor
923 1274 1114 1382 profugus
1144 1305 1206 1358 me
1236 1278 1332 1359 ruris
1361 1278 1454 1362 aviti

392 1398 551 1483 finibus
580 1397 767 1482 infantem
798 1401 938 1508 rapuit,
967 1405 1125 1510 ripaque
1154 1402 1313 1509 palustri

392 1527 581 1636 Exposuit
609 1527 809 1622 miserum,
840 1550 952 1636 atque
981 1528 1084 1633 abiit.
1118 1532 1188 1611 Per
1216 1551 1400 1638 quattuor
1430 1532 1520 1615 inde

389 1654 527 1737 Servio
555 1652 675 1736 lustra
702 1653 788 1750 tibi,
816 1653 924 1737 nulla
951 1677 1007 1737 est
1036 1657 1179 1738 iniuria
1206 1658 1332 1741 iustus

391 1781 595 1866 Libertatis
622 1809 758 1874 amor;
790 1782 899 1889 patrii
928 1810 1086 1890 quoque
1115 1811 1206 1866 cura
1232 1783 1399 1891 sepulcri
1427 1806 1485 1869 est

392 1909 646 2016 Tempestira
674 1908 769 1989 seni.
801 1908 882 1991 lam
909 1909 1066 1991 tandem
1096 1910 1236 1992 absiste
1266 1912 1423 2017 precari,-

393 2037 523 2143 Atque
551 2035 703 2129 iterum,
734 2056 838 2143 pater
866 2035 978 2131 alme,
1009 2035 1105 2130 vale,
1135 2035 1385 2143 dextramque
1414 2036 1549 2120 relaxa.

182 2161 251 2244 Gn.
351 2158 485 2265 naht
514 2162 641 2243 miser.
674 2161 719 2242 Et
749 2165 883 2244 merita
911 2163 1000 2269 quis
1028 2184 1064 2244 te
1093 2190 1183 2244 cum
1213 2162 1326 2245 laude
1353 2186 1555 2246 canentem

397 2286 553 2382 Audiet,
581 2308 648 2370 aut
676 2287 751 2369 lesi
780 2284 966 2369 describet
994 2288 1166 2369 carmina
1195 2285 1335 2370 lauro?

182 2416 285 2497 ⁴lini.
353 2412 646 2521 {Expectando
673 2413 830 2521 quidem
862 2412 996 2508 lessus,
1027 2442 1240 2521 raucusque
1269 2413 1457 2509 canendo,

396 2539 613 2624 Attuleram
643 2568 774 2622 serent
804 2541 912 2621 vocis
942 2538 1093 2622 fastidia
1122 2562 1264 2623 nostre.

398 2669 493 2749 Fors
521 2666 607 2749 aliis
637 2666 846 2773 placitums
875 2695 944 2755 ρος
976 2695 1056 2748 nun
1086 2696 1163 2749 una
1192 2695 1259 2774 per
1286 2695 1428 2749 onrnes

400 2794 466 2877 Est
492 2793 667 2876 hominis
696 2792 853 2876 fortuna
880 2794 987 2875 dies:
1018 2796 1135 2876 Nunc
1165 2822 1278 2875 mane
1306 2794 1482 2901 quietum

398 2920 575 3004 Turbida
602 2920 668 3003 lux
695 2921 893 3028 sinaitam
924 2947 1027 3002 nunc
1057 2921 1248 3003 matutina
1275 2948 1433 3002 serenus

399 3046 547 3131 Nubila
573 3075 709 3155 vesper
735 3048 828 3154 agit.
856 3049 921 3129 Sic
949 3047 1245 3154 tempestatibus
1274 3048 1367 3128 atris

399 3175 530 3257 Tutus
557 3174 664 3257 adest
693 3195 852 3281 portus;
881 3175 937 3255 sic
966 3174 1080 3256 litora
1111 3202 1241 3282 puppe
1269 3194 1442 3256 tenentes

400 3301 633 3409 Tempestas
661 3302 823 3409 inopina
852 3301 948 3385 ferit.
978 3303 1088 3409 Spes,
1118 3323 1240 3383 terror
1267 3300 1411 3407 ubique

403 3431 512 3512 Iusta
540 3428 733 3522 habitant;
764 3427 918 3511 fortuna
947 3458 1043 3534 vaga
1072 3451 1141 3522 est,
1171 3450 1206 3510 et
1237 3428 1428 3535 protinus
1458 3428 1555 3509 inter

403 3556 601 3654 Quamvis
629 3584 759 3663 pressa
786 3583 938 3650 uranus
969 3582 1037 3636 ceu
1067 3553 1238 3635 lubricus
1266 3551 1388 3635 effluit
1417 3552 1567 3659 anguis.

401 3683 470 3766 Nil
498 3680 613 3765 habet
641 3683 713 3764 ista
742 3684 866 3788 magis
895 3703 961 3764 tua
990 3709 1094 3762 nunc
1123 3679 1324 3787 opulentia
1353 3679 1443 3761 certi

402 3810 538 3908 Quam
567 3838 653 3891 mea
680 3831 911 3916 paupertas;
940 3808 1005 3890 ubi
1036 3806 1158 3915 pluris
1186 3808 1299 3911 signa
1327 3804 1471 3888 favoris

403 3937 450 4019 Et
479 3938 611 4018 minus
639 3957 695 4018 est
724 3934 826 4017 lidei.
855 3935 930 4016 Sed
960 3937 1038 4016 iam
1070 3962 1131 4015 rne
1161 3931 1312 4027 Gillias,
1342 3931 1445 4028 audi,

402 4060 609 4156 Sollicitat,
638 4062 870 4168 damnatque
900 4089 1043 4152 moras,
1072 4080 1109 4141 et
1139 4058 1292 4141 Phebus
1320 4057 1520 4145 hiberum.

406 4187 541 4295 Vergit
568 4187 616 4269 ad
645 4216 872 4280 occeanum,
901 4208 1078 4267 montem
1108 4187 1174 4267 nix
1202 4204 1367 4291 occupat
1396 4181 1531 4265 altum.

404 4312 540 4396 Balatu
570 4341 734 4394 moveor
762 4314 937 4419 pecoris;
969 4339 1037 4392 nec
1068 4309 1229 4391 candida
1259 4307 1363 4389 dulei

407 4442 579 4550 biugitu,
609 4440 867 4546 ingeminans,
898 4461 1018 4520 cessat
1051 4465 1226 4518 revocare
1257 4436 1428 4517 iuvenca.

479 4718 513 4773 v.
532 4719 579 4781 87:
598 4708 930 4784 parakpatetssb‘.
952 4725 1002 4775 971
1023 4730 1097 4765 tauns.
1119 4742 1126 4752 ·
1147 4713 1180 4763 Υ.
1203 4724 1265 4762 tot:
1285 4728 1352 4778 spes.
1379 4738 1387 4751 ·
1419 4710 1451 4761 Υ.
1483 4718 1545 4772 107:
1564 4708 1672 4777 plttbrts.
