4125 5217
820 421 851 470 n
873 401 1061 501 uocomcoti
1084 425 1214 474 crunm

376 677 576 787 Exemplis
603 681 767 764 caritura
795 681 968 789 quidem,
998 705 1234 793 tenuemque
1265 706 1455 795 nepotum

377 802 818 903 unkunnandin,
848 829 1032 915 superant
1060 810 1093 892 si
1124 808 1222 892 forte
1253 831 1436 919 nepotes;

378 932 463 1014 Nec
490 927 610 1015 finem
640 933 763 1015 modo
795 932 870 1017 iata
900 956 1034 1042 parant
1064 936 1268 1044 imponere
1298 937 1423 1020 rebus.

244 1123 253 1138 .
335 1056 509 1164 [Nosse
538 1057 631 1141 maii
661 1086 795 1142 causas
826 1060 965 1168 ingens
993 1061 1095 1145 solet
1123 1092 1206 1146 esse
1236 1063 1428 1146 levamen.

382 1182 550 1281 Dissere,
579 1185 612 1267 si
643 1187 760 1282 nosti,
790 1217 865 1297 que
893 1207 997 1271 tante
1027 1190 1145 1297 pestis
1174 1191 1303 1297 origo

225 1371 234 1389 .
340 1308 511 1416 [Multa
538 1310 600 1395 dei
629 1312 754 1396 celant
783 1313 1014 1407 hominem;
1045 1343 1126 1398 non
1156 1316 1294 1399 omnia
1321 1345 1456 1401 servus

384 1437 527 1522 Clausa
553 1438 659 1522 videt
687 1440 853 1538 domini,
884 1470 974 1524 cum
1003 1444 1055 1526 sit
1084 1441 1262 1526 mortalis
1292 1464 1464 1553 uterque.

388 1564 481 1662 Que
508 1584 639 1649 tamen
669 1566 709 1648 in
738 1566 849 1649 silvis
879 1567 1089 1653 crebrescat
1117 1567 1260 1666 fabula,
1289 1570 1443 1653 dicam:

385 1692 509 1777 Cerne
537 1691 648 1775 sinus
678 1692 806 1802 pelagi
834 1695 1030 1802 geminos,
1060 1725 1161 1806 quos
1190 1698 1364 1780 maxima
1393 1697 1575 1805 frangunt

385 1820 581 1916 Flumina,
610 1840 647 1902 et
676 1819 838 1904 adverso
867 1821 1089 1906 dirimentia
1117 1825 1273 1931 gurgite
1301 1845 1444 1907 terras:
1496 1891 1500 1900 .
1652 1865 1677 1905 ss

388 1950 505 2032 Hunc
533 1946 682 2032 hirsuta
710 1949 850 2056 premit
879 1950 1036 2057 glacies,
1065 1972 1102 2034 et
1130 1949 1270 2034 bruma
1299 1954 1480 2061 perennis

389 2076 565 2185 Asperat,
595 2073 857 2185 horrificoque
887 2075 1071 2162 infestant
1099 2107 1302 2161 murmure
1330 2080 1474 2187 tigres;

389 2202 508 2286 Illum
536 2201 677 2287 blanda
705 2204 805 2285 rosis
836 2232 917 2286 non
948 2205 1208 2289 arescentibus
1239 2226 1338 2289 estas

390 2330 614 2438 Temperat,
643 2349 680 2413 et
707 2329 850 2414 virides
880 2329 1009 2414 fantur
1038 2360 1105 2441 per
1134 2332 1251 2441 plana
1279 2334 1470 2417 volucres.

390 2457 490 2554 Hos,
519 2456 598 2540 alio
628 2458 735 2565 prius
763 2479 859 2554 orta,
889 2460 999 2542 sinus
1029 2459 1233 2557 afflaverat,
1264 2460 1383 2555 orbe;

391 2585 496 2669 Hinc
526 2586 669 2669 nostris
699 2585 884 2669 translata
912 2586 995 2669 lues
1026 2588 1104 2670 iam
1136 2607 1270 2696 regnat
1300 2590 1340 2670 in
1369 2592 1482 2673 arvis.

182 2717 262 2800 rar.
345 2714 488 2822 [Quo
517 2741 622 2795 mare
650 2733 729 2795 tam
761 2710 864 2795 sacili
894 2716 1072 2798 transivit
1102 2736 1139 2798 et
1168 2714 1298 2797 ethera
1326 2714 1458 2798 saltu?

189 2845 254 2928 Pb.
349 2839 633 2950 [illaqueat
659 2840 789 2948 cupidi
821 2840 1020 2950 (stimulat
1048 2870 1118 2925 sua
1147 2851 1350 2951 quemque
1372 2842 1518 2955 libido)

392 2971 573 3054 Pervenit
601 2993 687 3073 pars
717 2997 795 3051 una
823 2970 965 3079 gregis,
995 2998 1189 3079 sucosque
1219 2971 1360 3053 veneni

342 3164 346 3173 -
390 3104 450 3186 Et·
469 3102 571 3186 diras
600 3100 771 3209 gustavit
800 3127 930 3208 aquas.
961 3101 1091 3206 Atque
1119 3096 1209 3181 inde
1239 3118 1444 3196 revertens,

394 3232 492 3314 Mox
520 3230 718 3339 peritrura,
748 3226 891 3309 cohors
921 3225 995 3308 late
1024 3226 1205 3334 contagia
1234 3224 1346 3309 fudit.

394 3358 596 3440 Pastorem
627 3374 769 3462 pastor,
801 3354 989 3460 pecudem
1020 3381 1137 3461 pecus
1167 3351 1293 3436 inficit
1321 3381 1432 3461 egra3

394 3482 524 3591 Spirat
553 3483 659 3564 eninr
688 3481 838 3562 saniem
868 3480 1061 3563 inclusam
1091 3479 1296 3587 pulmonis
1326 3478 1452 3564 adusti

394 3610 538 3705 Alitus,
567 3606 746 3692 infaustis
776 3609 945 3716 aspirant
974 3606 1130 3691 flatibus
1159 3609 1254 3690 euri.

395 3742 591 3822 Intereunt
620 3736 805 3831 iumenta,
836 3734 967 3830 boves
997 3736 1161 3844 durique
1191 3732 1371 3827 bubulci;

395 3866 659 3972 Graminaque
688 3883 725 3945 et
753 3883 901 3968 segetes
932 3864 1064 3945 vacuis
1094 3861 1356 3946 moribundus
1386 3862 1511 3946 aristis

395 3994 592 4088 Imminet,
622 4012 658 4073 et
687 3990 864 4072 culmum
895 3992 1101 4099 componit
1130 4018 1282 4073 messor
1311 3992 1479 4073 inanem.

394 4122 481 4204 Nec
507 4119 634 4202 morbi
665 4118 808 4200 modus
839 4117 942 4201 ullus
972 4118 1098 4211 adest;
1129 4117 1331 4201 velocibus
1360 4117 1431 4200 alis
1509 4198 1518 4206 ,

395 4249 505 4331 Mors
534 4247 661 4340 volat;
691 4266 870 4329 externos
901 4245 1039 4328 frustra
1067 4244 1337 4352 glomeramus
1368 4244 1521 4328 odores.

392 4375 465 4457 His
494 4375 610 4458 etiam
639 4401 709 4455 sua
741 4374 858 4480 pestis
888 4373 997 4455 inest.
1030 4371 1143 4471 Quid
1171 4372 1382 4454 demoror?
1412 4372 1565 4456 Omnes
1660 4413 1683 4450 -t

390 4501 636 4598 Occidimus,
668 4501 744 4582 nisi
774 4499 849 4583 fata
879 4501 1005 4582 minas
1036 4501 1184 4607 placata
1214 4500 1427 4581 remittunt.

200 1305 223 1389 δ

459 4778 492 4832 V.
513 4790 559 4845 75:
578 4778 640 4847 quid
651 4818 658 4834 ,
668 4820 675 4835 ,
686 4814 693 4828 .
703 4747 803 4828 omnes.
